2978 5062
544 354 612 417 AD
636 352 823 417 PERSAS.
842 372 870 377 ··
1170 354 1236 419 307

131 518 180 583 ἐπὶ
193 521 248 600 γῆς
262 524 409 585 πεσοῦσα.
426 535 463 585 ut
477 520 587 607 legisse
602 521 744 586 rideatur
760 523 878 602 φιίρσις.
923 518 1017 585 Alter
1031 544 1049 584 e
1064 520 1235 585 scholiastis

130 618 256 706 subjicit
280 623 299 702 ἡ
326 623 459 706 ἔκφυσις,
486 622 572 704 γονή.
618 621 806 710 Requiritur
834 621 1052 709 adjectivum.·
1080 623 1133 687 De
1159 646 1235 688 vooe

129 719 208 786 πόυν
228 722 316 809 apud
341 723 476 810 tragicos
495 746 565 788 rara
583 723 647 788 vid.
664 726 796 790 Porson.
817 723 856 788 ad
879 723 993 810 Eorip.
1014 724 1140 789 Hecub.
1157 725 1231 808 819.

131 822 308 888 BLOMF.
353 826 470 888 Versus
484 839 664 913 corruptus.

173 924 248 1007 928.
278 928 344 989 αίαῖ
366 927 447 1010 αίαῖ]
479 926 510 991 αῖ
536 926 567 991 αῖ
592 927 696 1015 vulgo.
730 928 764 992 οῖ
787 941 899 1014 quater
923 926 1072 991 Cantabr.
1104 927 1235 1013 primus.

133 1025 253 1090 Xerxis
274 1050 417 1114 personae
439 1044 555 1107 notam,
579 1054 652 1116 quae
671 1030 746 1095 huic
761 1030 864 1094 versui
885 1027 1067 1117 praescripta
1081 1044 1139 1109 est,
1153 1043 1236 1093 recte

135 1127 220 1192 delet
235 1130 449 1194 Hermannus.

175 1248 248 1317 929.
276 1232 362 1298 Edd.
390 1249 509 1299 veteres
533 1234 785 1321 interpunctione
811 1250 928 1298 carent.
974 1236 1140 1298 Commata
1167 1247 1238 1319 post

131 1333 214 1415 χθὼν
235 1347 267 1398 et
288 1341 420 1414 βασιλεῦ
442 1335 548 1423 posuit
568 1335 760 1413 Brunckius‚
781 1350 851 1422 post
872 1338 955 1419 χθῶυ
970 1349 1002 1399 et
1016 1335 1105 1416 yolus
1120 1332 1238 1398 Schue-

133 1449 225 1500 tzrus.

174 1538 276 1626 γαίας]
292 1547 384 1622 γαῖαν
398 1539 520 1627 aliquot
534 1540 626 1605 codd.

174 1664 248 1727 930.
264 1645 359 1708 Prius
374 1648 463 1712 αίνῶς
479 1645 580 1709 versui
596 1642 787 1731 praecedenti
803 1643 949 1728 adjunxit
964 1643 1041 1708 Ald.

174 1744 263 1830 γόνυ]
284 1751 377 1828 γοῦνυ
400 1748 504 1810 Turn.
526 1747 581 1834 qui
607 1746 700 1809 verba
724 1748 812 1812 αίυῶς
835 1747 883 1809 ἐπὶ
908 1752 1000 1829 γοῶνυ
1027 1746 1158 1810 κίκλιται
1180 1768 1239 1831 pro

133 1846 321 1930 paroemiaco
336 1870 427 1910 versu
442 1847 589 1912 habuisse
605 1846 737 1910 videtur.

177 1947 226 2009 ἐπὶ
240 1947 313 2027 γόνυ
329 1946 474 2026 κίκλιμαι,
490 1949 533 2009 In
544 1967 656 2034 genua
671 1945 757 2009 cado.
774 1945 947 2032 Phrynich.
964 1949 1082 2032 Appur.
1101 1945 1237 2030 Sophist,

131 2072 163 2134 p.
179 2069 233 2128 40.
250 2052 291 2117 είς
306 2050 379 2130 γόνυ
393 2057 511 2114 πεσεῖν.
535 2051 584 2114 ἐπὶ
598 2054 657 2114 τῶν
671 2048 728 2112 ὑπὸ
747 2049 819 2126 βίας
838 2048 1021 2128 κλινομένον
1036 2051 1078 2116 είς
1099 2048 1153 2126 τὴν
1168 2051 1235 2129 γῆν.

131 2154 160 2215 οἱ
180 2154 237 2234 γὰρ
259 2155 387 2214 τοιοῦτοι
407 2154 495 2229 μόλις
517 2151 679 2224 κλίνονται,
704 2150 752 2212 καὶ
774 2149 825 2212 οὐκ
848 2151 998 2231 ἐξαίφνης.
1024 2149 1166 2237 Etymol.
1183 2152 1235 2215 M.

131 2275 164 2338 p.
180 2253 255 2335 687,
273 2252 322 2318 26.
346 2253 419 2333 γνὺξ
439 2252 504 2314 ἐστὶ
527 2251 628 2332 κυρίως
650 2249 683 2312 τὸ
707 2251 750 2316 είς
771 2250 845 2329 γόνυ
867 2255 984 2315 πεσεῖν.
1011 2251 1089 2316 τινές
1111 2251 1143 2313 δέ
1164 2249 1238 2313 αὐτό

130 2362 208 2435 φασι
223 2353 331 2418 ταύτὸν
343 2355 382 2439 τῷ
397 2354 542 2434 πρηνίξαι·
566 2356 668 2420 κακῶς·
692 2349 827 2433 διαφέρει
841 2349 909 2431 γάρ.
934 2351 969 2415 οὐ
983 2354 1041 2433 γὰρ
1055 2353 1181 2416 δύναταί
1191 2377 1236 2419 τις

131 2455 192 2536 ἆρα
212 2459 407 2538 πρηυιχθῆναι
427 2455 475 2519 καὶ
495 2452 656 2519 όκλακέναι
671 2454 720 2517 ἐπὶ
734 2457 772 2516 τὰ
785 2454 909 2534 γόνατα.
931 2453 965 2515 τὸ
981 2455 1012 2517 δέ
1028 2458 1234 2537 πρηυιχθῆναι,

131 2558 180 2622 ἐπὶ
191 2557 225 2620 τὸ
238 2560 409 2639 πρόσωπον.
432 2559 449 2620 ὁ
464 2560 522 2638 γὰρ
536 2554 700 2637 Ἡρόδοτος
714 2555 748 2618 τὸ
763 2558 897 2618 τοιοῦτον
912 2552 1053 2635 ἐξέφησε·
1076 2564 1236 2636 μεταφορι-

133 2664 188 2726 κῶς
208 2663 266 2741 γὰρ
288 2659 477 2743 χρησόμενος
494 2658 558 2722 εἶπε
573 2656 627 2736 τὴν
641 2659 733 2721 πόλιν
747 2659 790 2723 είς
804 2657 877 2737 γόνυ
892 2661 1008 2730 πεσεῖν,
1024 2660 1110 2720 τοῦτο
1125 2661 1234 2737 δηλῶν,

131 2762 169 2828 ὡς
184 2764 226 2828 είς
240 2764 380 2826 ῶοόλειαν
394 2760 487 2839 αὐτὴν
502 2759 663 2842 ἐπήγαγεν.
686 2761 703 2822 ὁ
725 2762 759 2822 δὲ
779 2759 938 2840 Εὐφορίων
956 2759 1010 2823 οὐκ
1031 2760 1126 2839 ὀρθῶς
1147 2757 1234 2843 λέγει

130 2863 198 2943 περὶ
222 2867 274 2926 τοῦ
299 2864 460 2938 Διονύσου,
484 2863 531 2925 ότι
553 2867 617 2928 ταῖς
644 2867 792 2943 γυναικῶν
815 2861 938 2939 τόξεσιν
966 2861 1232 2942 ἐγκελευσάμενος,

131 2964 267 3046 ἐπρήνιξε
288 2966 342 3044 τὴν
361 2965 581 3047 Εὐρυμέδοντος
602 2965 702 3037 πόλιν,
723 2964 859 3028 τοότεστι
880 2964 914 3026 τὸ
934 2960 1056 3049 Ἄργος.
1103 2963 1234 3050 Insigne

129 3066 351 3153 fragmentum,
376 3090 416 3131 ex
438 3066 610 3140 scholiasta,
633 3080 669 3129 ut
692 3066 827 3144 videtur,
848 3065 880 3128 in
906 3067 1082 3130 Homerum
1107 3065 1234 3130 desum·

130 3181 210 3233 tum.
234 3168 390 3234 Herodoti
405 3168 492 3234 locus
505 3170 596 3246 est6,
612 3184 662 3252 27.
685 3170 760 3245 μετὰ
781 3168 815 3230 δὲ
834 3168 969 3246 ταῦταῆ
990 3169 1137 3250 ναυμαχίη
1157 3171 1231 3232 ῦπα-

128 3274 280 3349 λαβοῦσα,
307 3271 362 3350 τλν
389 3274 481 3336 πόλιν
510 3272 540 3336 ἐς
567 3271 642 3351 γόνυ
668 3268 774 3347 ἔβαλε.
819 3267 948 3330 Firmus
976 3268 1081 3354 Epist.
1103 3269 1153 3331 16.
1182 3292 1232 3354 ap,

131 3370 287 3436 Murator.
300 3371 424 3436 Anecd.
443 3372 545 3436 Graec.
561 3369 621 3434 vol.
637 3386 669 3454 5.
684 3392 715 3454 p.
729 3369 799 3453 296.
815 3366 935 3449 ἤγειρας
948 3366 1003 3443 τὴν
1017 3372 1129 3430 σαυτοῦ
1143 3371 1234 3432 πόλιν

128 3473 203 3554 πρὸς
223 3475 298 3555 γόνυ
322 3477 521 3554 καμφθεῖσαν,
547 3471 601 3536 ubi
623 3471 725 3535 bonus
748 3468 926 3555 Episcopus
950 3468 1087 3532 diversas
1108 3468 1233 3534 videtur

128 3575 306 3654 confudisse
334 3575 496 3655 formulas,
526 3576 556 3651 ἐς
590 3574 662 3654 γόνυ
696 3571 881 3651 κεκλιμένον,
912 3586 944 3635 et
973 3573 1047 3652 γόνυ
1077 3569 1231 3650 κάμπτειν.

130 3676 308 3741 BLOMF.

171 3778 572 3865 931-939=940-948·

172 3883 574 3967 949-9⁶1=962-972·

172 3983 598 4068 973-987=988—1001.

176 4084 658 4167 1002—100721008-1013.

174 4186 657 4272 1014-1oa5=1026-1037.

176 4288 659 4374 1038-1045=1o46-1o53.

175 4388 661 4476 1054-1059=106o-1065.

172 4510 247 4574 931.
273 4493 365 4576 ἐγὼν]
391 4492 465 4556 Νου
491 4489 606 4555 usitata
628 4487 752 4575 tragicis
773 4487 884 4551 forma.
932 4483 1138 4550 Scribendum
1162 4491 1230 4569 ἑγῶ.

638 4607 732 4676 eqa
