2978 5062
561 354 628 416 AD
652 352 842 415 PERSAS.
1187 346 1252 415 298

194 520 426 601 στρατευμάτοιν
441 522 574 584 A.B.=et
594 517 687 605 pauci
701 517 764 582 alii.
796 515 1123 598 στρατευμάτωνΒοΙ).
1161 513 1252 579 Reli·

151 645 286 709 quorum
309 621 459 686 librorum
476 621 551 685 vitia
566 636 639 684 sunt
654 619 704 684 vel
719 619 946 701 στρατηλάτου,
960 618 1045 704 quod
1066 634 1112 683 est
1133 619 1165 681 in
1187 619 1252 696 M,

152 724 202 788 vel
217 724 438 805 στρατηλάταν,
455 723 539 809 quod
557 723 649 786 estin
667 721 745 785 Ald.
762 725 867 786 Turn.

197 841 269 907 721.
286 826 427 911 τοσόσδε]
441 828 554 893 τόσσος
568 831 602 890 δε
617 827 666 888 Μ.

197 946 270 1011 722.
288 929 415 1014 ἔζευξεν]
432 929 587 993 Herodot.
604 945 635 1010 7,
649 930 679 990 8.
695 927 809 1007 μέλλω,
825 927 928 1006 ζεύξας
941 925 994 990 τδν
1011 924 1254 1004 Ἑλλήσποντον,

154 1033 229 1097 έλῖιν
243 1035 386 1112 στρατιὰν
401 1030 437 1094 δι’
454 1032 595 1112 Εὐρώπης
610 1031 658 1094 έπὶ
674 1030 727 1108 τήν
740 1028 889 1105 Ἑλλάδα,
904 1030 955 1093 ἵνα
968 1028 1145 1108 Ἀθηναίους
1165 1054 1252 1107 τιμω-

153 1132 297 1213 ρήσωμαι.
337 1132 422 1197 lbid.
441 1152 493 1212 24.
509 1132 727 1215 προσετέτακτο
743 1133 791 1195 καὶ
808 1132 861 1194 τὸν
876 1132 1031 1212 Στρύμονα
1045 1131 1179 1209 ποταμὸν
1193 1132 1255 1206 ζεύ-

154 1241 262 1314 ξαντας
284 1240 468 1316 γεφυρῶσαι.
507 1237 552 1298 Et
575 1234 616 1298 sic
639 1234 721 1298 alibi.
760 1233 843 1296 Mihi
867 1250 970 1296 autem
994 1247 1253 1318 persuasumst,

153 1336 292 1400 fabulam
308 1335 349 1399 dc
368 1336 484 1399 catenis
502 1361 521 1400 a
543 1337 653 1400 Xerxe
674 1335 883 1421 Hellesponto
905 1335 1059 1411 immissis,
1077 1334 1162 1419 apud
1187 1336 1253 1398 He-

155 1439 301 1503 rodotum
318 1437 445 1501 relatam
464 1455 493 1521 7,
509 1459 527 1522 3
531 1456 562 1523 5.
577 1439 617 1503 ab
632 1439 812 1526 hujusmodi
829 1438 984 1502 locutione
1002 1436 1081 1500 male
1099 1436 1256 1502 intellecta

155 1540 349 1628 profluxisse,
365 1540 446 1605 forte
468 1565 505 1604 ex
530 1542 598 1628 ipso
615 1542 759 1629 AEschyli
781 1543 850 1606 loco
869 1542 950 1605 infra
965 1560 1041 1626 751.
1065 1540 1119 1606 ubi
1143 1543 1256 1620 δεσμω-

154 1671 246 1725 μασιν
261 1645 301 1708 (1ο
315 1645 420 1731 pontis
441 1643 616 1730 ligamentis
637 1660 720 1710 recte
735 1644 818 1732 cepit
834 1644 1011 1709 Schutzius.
1048 1646 1149 1722 Quam
1165 1644 1263 1708 facile·

154 1765 258 1811 autem
283 1747 463 1833 hujusmodi
487 1745 603 1811 fabulae
624 1748 775 1822 oriantur,
794 1747 855 1810 alio
874 1748 966 1810 etiam
990 1746 1135 1834 exemplo
1151 1747 1257 1812 videro

155 1865 212 1914 est.
251 1848 422 1913 Historiam
439 1848 479 1912 de
495 1849 706 1913 Themistocle
727 1851 767 1913 ab
782 1849 967 1935 Eurybiade
982 1849 1094 1913 baculo
1110 1873 1257 1936 percusso

158 1954 267 2037 (quam
290 1966 396 2015 narrat
419 1951 609 2014 Plutarchus
631 1951 662 2014 in
688 1951 751 2013 sita
775 1952 843 2036 ojus
868 1974 899 2037 p.
924 1953 1011 2033 117.)
1035 1952 1076 2014 ab
1098 1952 1256 2017 Herodoti

156 2056 224 2117 loco
240 2056 269 2131 δ’,
284 2071 338 2138 59.
362 2052 511 2139 originem
536 2053 678 2130 traxisse,
694 2077 794 2130 uerno,
812 2069 847 2117 ut
865 2052 987 2139 opinor,
1003 2053 1096 2116 semel
1120 2054 1257 2119 monitus

156 2156 333 2220 dubitabit:
359 2179 416 2219 nec
435 2171 501 2219 erat
516 2179 573 2219 cur
589 2156 766 2220 Larchcrus
788 2156 954 2219 miraretur
969 2154 1169 2219 Herodotum
1190 2180 1255 2222 rem

157 2258 278 2323 silentio
308 2259 519 2337 transmisisse,
545 2282 638 2344 quam
669 2257 720 2321 illc
751 2281 789 2321 ne
817 2257 913 2321 fando
942 2257 1069 2343 quidem
1098 2257 1257 2325 audiisset.

158 2362 279 2426 Eodem
301 2362 366 2425 fere
385 2363 489 2440 modo,
506 2385 605 2448 quum
629 2376 781 2425 narrasset
806 2360 989 2424 Herodotus
1004 2363 1036 2437 6,
1055 2383 1126 2443 114.
1150 2365 1258 2450 Cyne-

157 2466 274 2550 girum,
300 2466 412 2529 ‹lextra
440 2481 613 2551 amputata,
636 2487 700 2550 qua
729 2486 838 2527 navem
870 2463 1061 2551 arripuisset,
1091 2464 1255 2540 cecidisse;

160 2568 316 2632 historiam
340 2569 431 2631 fiuxit
449 2567 573 2652 aliquis,
588 2591 682 2653 quam
705 2566 822 2652 accepit
837 2568 860 2629 J
863 2567 984 2630 ustinus
1001 2585 1031 2645 2,
1044 2588 1075 2651 9.
1099 2567 1139 2630 de
1160 2569 1259 2631 altera

158 2670 227 2756 ejus
247 2693 343 2734 mauu
366 2671 507 2758 praecisa,
523 2685 686 2755 rostroque
708 2667 865 2732 mordicus
887 2668 1049 2754 prehenso.
1090 2670 1161 2733 vid.
1178 2672 1258 2735 Lar-

159 2772 241 2835 cher.
258 2771 298 2835 ad
315 2773 472 2836 Herodot.
487 2774 547 2836 vol.
562 2793 593 2852 4.
610 2795 640 2858 p.
658 2789 733 2856 459.
757 2772 932 2836 BLOMF.

203 2890 277 2959 723.
302 2877 466 2956 Βόσπορος,
488 2875 713 2960 Hellespontus
738 2873 781 2937 sic
803 2872 876 2937 olim
903 2874 1076 2939 dicebatur.
1112 2875 1267 2962 Sophocl.

161 2977 253 3063 Ajac.
271 2978 342 3058 870.
358 2981 453 3058 ῥυτῶν
468 2979 642 3058 Βοσπορίων
661 2982 810 3056 ποταμῶν.
834 2975 889 3040 ubi
911 2977 1005 3041 schol.
1021 2982 1094 3046 ἴσως
1115 2985 1173 3043 τῶν
1186 2977 1259 3042 Ἔλ-

160 3081 444 3157 λησποντίων-δύο
460 3080 494 3143 δέ
508 3082 568 3142 εἰσι
583 3081 742 3160 Βόσποροι,
759 3082 775 3141 ὁ
797 3081 853 3159 μὲν
869 3084 943 3144 κατδ
957 3080 1011 3158 τὴν
1026 3084 1226 3161 Προποντίδα,
1243 3083 1259 3145 ὁ

161 3183 194 3243 δὲ
210 3181 366 3262 Θρακικδς,
381 3182 420 3247 ὥς
435 3190 511 3263 φησι
525 3182 647 3248 Φιλέας.
680 3180 830 3244 Scholia
847 3181 999 3267 Apollon.
1015 3183 1123 3247 Rhod.
1140 3202 1169 3260 2,
1190 3185 1261 3248 168.

161 3285 316 3363 Βόσπορος
337 3282 602 3362 ὀνομάζεται-διδ
616 3284 650 3345 τδ
664 3281 779 3348 πάντας
793 3284 860 3350 τοὺς
874 3286 998 3350 στενοὺς
1018 3285 1167 3365 πορθμοὺς
1182 3292 1260 3348 Βοσ-

161 3388 268 3466 πόρους
282 3389 448 3449 καλεῖσθαι.
472 3387 554 3447 Haec
568 3399 600 3447 et
616 3383 709 3469 plura
723 3385 843 3447 notavit
857 3384 1012 3448 Abresclr.
1036 3385 1210 3450 BLOMF.

206 3513 327 3600 κλῇσαι]
346 3520 466 3578 κλεῖσαι
481 3512 587 3599 vulgo.
610 3517 730 3591 κληῗσαι
747 3512 795 3574 Μ.

208 3630 486 3748 ῃαωωπ

205 3771 335 3857 ivluna]
350 3799 399 3854 rr·
415 3775 517 3859 ννῶμιν
532 3775 571 3835 Β·

206 3897 361 3980 ξυνήψατο
385 3901 480 3962 AM.
498 3899 606 3963 Guelf.
623 3897 727 3962 Viteb.
761 3899 918 3979 συνήψατο
935 3898 1041 3984 vulgn.
1080 3899 1262 3982 Scholiasta,

165 4003 231 4064 ἀντὶ
247 4006 298 4063 τοῦ
313 4004 386 4069 ἴσως
401 4002 449 4065 καὶ
464 4002 651 4083 συνήργησεν
665 4002 740 4087 αὐτῷ
755 4027 799 4068 τις
813 4004 925 4082 δαίμων
940 4003 988 4065 καὶ
1002 4002 1162 4083 ἐβοήθησε.

208 4129 281 4195 729.
297 4111 373 4178 λαδς
387 4116 444 4177 πᾶς
459 4112 596 4174 Α.Β.Μ.
613 4110 736 4197 aliique.
770 4115 827 4177 πᾶς
847 4111 923 4178 λαὸς
945 4113 1028 4176 Rob.
1063 4118 1121 4179 πᾶς
1138 4114 1264 4195 στρατὸς

166 4212 243 4276 Ald.
262 4215 367 4275 Turn.

209 4314 283 4384 730.
299 4299 487 4384 κενανδρίαν]
505 4298 661 4377 κενανδρία
675 4297 727 4359 Μ.
744 4295 820 4360 Ald.
837 4296 921 4362 Rob.

209 4404 403 4486 73ι.-κεδνῆς
417 4401 467 4462 Μ.
483 4398 585 4463 Viteb.
600 4397 716 4484 aliique
731 4396 884 4462 nonnulli.
907 4403 992 4478 κενῆς
1007 4399 1111 4487 vulgo.

212 4526 284 4595 732.
309 4513 407 4589 δῆμος,
425 4508 494 4574 οὐδέ
515 4535 557 4575 τις
575 4509 683 4593 γέρων]
707 4507 887 4590 Scholiasta,
904 4517 963 4576 τῶν
976 4515 1127 4594 Βακτρίων
1141 4518 1173 4580 δὲ
1189 4518 1268 4599 έρρει
