2978 5062
188 333 253 400 266
552 334 931 400 ANNOTATIONES

189 503 285 569 refert
310 501 503 591 AEschylus3
529 526 596 590 quo
618 504 814 590 potissimum
838 518 926 582 teste,
953 517 990 567 ut
1013 499 1185 588 exploratur
1208 497 1299 576 fidei,

189 606 291 672 utitur
315 604 506 669 Plutarchus
526 605 559 668 in
581 605 646 670 vita
664 603 1167 691 Themistoclis.—Adstipulatur
1189 603 1301 667 Hero-

189 708 295 785 dotus,
318 723 389 794 post
410 707 599 793 AEschylum
624 707 710 772 testis
731 708 879 795 optimus,
896 727 927 790 7,
944 727 996 792 79.
1020 707 1132 771 τῶνδὲ
1151 703 1299 786 τριηρέων

191 811 313 892 ἀριθμὸς
326 812 383 890 μὲν
398 809 519 891 ἐγένετο
541 813 616 874 ἑπτὰ
633 813 682 875 καὶ
697 814 842 891 διηκόσιοι
864 813 913 876 καὶ
931 809 1232 895 xstitit—Eundem
1252 807 1298 872 ad

190 935 356 977 numerum
380 912 543 977 collineare
564 913 690 978 videtur
713 914 808 979 Diod.
831 914 927 979 Sicul.
950 934 998 992 11,
1013 934 1044 999 3.
1059 911 1205 998 inquiens
1226 915 1298 990 νῆες

191 1018 225 1081 δὲ
245 1018 400 1096 σύμπασαι
421 1017 529 1097 μακραὶ
551 1019 673 1083 πλείους
691 1023 751 1081 τῶν
769 1018 878 1100 χιλίων
897 1017 946 1081 sul
966 1017 1133 1095 διηκοσίων.
1180 1013 1297 1084 Minus

190 1113 311 1178 curiose
324 1127 423 1199 agunt
438 1115 494 1199 qui
511 1115 643 1195 nonnisi
661 1115 743 1180 mille
758 1130 789 1181 et
800 1116 951 1181 ducentas
965 1129 1140 1179 numerant.
1164 1115 1295 1178 Horum

190 1227 238 1280 est
261 1217 414 1280 Isocrates
436 1215 467 1279 in
491 1215 723 1281 Panathenaico
737 1241 768 1305 p.
785 1236 858 1304 355.
879 1232 910 1281 et
927 1216 1121 1304 Panegyrico
1143 1238 1176 1303 p.
1194 1215 1246 1280 80.
1262 1231 1296 1280 et

192 1319 344 1383 AEmilius
373 1320 498 1383 Probus
528 1321 712 1405 (Cornelius
741 1320 864 1408 Nepos)
895 1320 927 1384 in
957 1317 1172 1387 Themistocle
1204 1341 1233 1383 c.
1263 1335 1295 1387 ν.

193 1423 310 1486 Verum
341 1421 400 1486 hoc
429 1422 666 1509 intelligendum
698 1437 820 1488 tantum
853 1425 927 1488 κατὰ
957 1421 992 1486 τὸ
1021 1418 1293 1504 ὁλοσχερέστερον.

193 1525 354 1601 Quantum
371 1524 470 1611 magis
492 1523 604 1611 platioe
618 1525 738 1590 dictum
757 1526 798 1590 ab
813 1525 850 1589 iis
864 1523 919 1612 qui
942 1523 1027 1588 mille
1048 1521 1175 1587 navium
1197 1521 1296 1586 fuisse

191 1629 357 1690 asserunt?
381 1639 416 1689 ut
433 1626 554 1690 Ctesias
568 1641 599 1690 et
615 1626 724 1692 Cicero
735 1627 767 1691 in
778 1629 906 1694 Verrem
927 1647 955 1704 1,
967 1628 1017 1693 18.
1041 1628 1189 1692 Ceterum
1206 1625 1295 1713 apud

191 1728 262 1808 hos,
276 1749 428 1792 numerus
444 1733 494 1812 (ut
508 1728 649 1815 loquitur
664 1731 764 1794 Varro
775 1728 816 1794 de
830 1731 882 1796 lte
897 1731 993 1796 Rust.
1010 1749 1041 1810 ο,
1059 1732 1103 1812 1.)
1117 1750 1181 1794 non
1196 1737 1244 1794 est
1257 1738 1297 1793 nt

191 1834 236 1899 rit
252 1832 296 1895 ud
309 1833 473 1909 amussim,
489 1841 527 1895 ut
545 1853 609 1895 non
623 1840 669 1896 est
685 1853 755 1895 cum
778 1830 912 1896 dicimur
933 1831 1018 1897 mille
1038 1851 1137 1895 norrea
1153 1832 1231 1896 iimo
1251 1831 1297 1896 ad

196 1934 357 2022 Troum?
400 1934 483 1997 Haec
500 1932 666 1998 Stnnleius.
680 1932 736 2020 qui
750 1932 848 1998 falsus
861 1948 919 1998 est.
956 1933 1130 2019 AEschylus
1143 1932 1226 1997 enim
1242 1932 1294 1997 di·

192 2053 273 2102 serte
283 2036 418 2101 affirmat
434 2035 554 2100 Xerxis
568 2034 693 2100 classem
709 2058 748 2101 ex
763 2035 847 2100 mille
869 2035 1003 2101 navibus
1016 2036 1197 2115 constitisse,
1213 2059 1294 2123 qua·

192 2129 264 2203 rum
290 2155 349 2221 207
373 2153 463 2202 erant
485 2139 608 2203 celeres.
654 2138 777 2202 Eodem
803 2138 897 2203 modo
922 2150 1086 2227 computat
1105 2139 1294 2203 Graecorum

192 2239 331 2318 classem,
356 2262 429 2327 quae
454 2264 494 2305 ex
523 2261 588 2326 300
613 2240 746 2306 navibus
773 2240 908 2305 conflata
935 2255 993 2318 est,
1020 2261 1154 2327 quarum
1179 2239 1296 2305 celeres

192 2358 281 2407 erant
296 2343 414 2407 decem.
460 2344 511 2408 Sic
525 2344 607 2408 enim
622 2366 694 2408 curn
717 2343 881 2408 scholiasta
895 2343 1143 2429 intelligendum.
1187 2340 1296 2407 Aliter

193 2445 297 2509 minus
319 2445 498 2510 conveniret
519 2444 695 2532 epithetum
714 2444 853 2526 ἔκκριτος.
893 2445 944 2510 Cf.
964 2444 1111 2510 Mitsord.
1128 2442 1216 2511 Hiet.
1232 2444 1294 2510 Gr.

194 2546 258 2611 vol.
272 2567 303 2612 a.
320 2569 352 2633 p.
368 2548 437 2631 185.
455 2559 519 2610 not.
548 2547 682 2610 Tzetzes
703 2545 743 2611 sd
760 2547 920 2635 Lycophr.
940 2564 1032 2628 1427.
1047 2544 1294 2610 Atheniensium

192 2664 225 2714 et
239 2649 392 2713 sociorum
409 2672 503 2713 naves
519 2667 577 2730 271
595 2648 691 2712 fuisse
706 2649 810 2713 tradit.
834 2649 1009 2715 BLOMF.

236 2771 310 2837 340.
326 2751 418 2835 νοῶν]
434 2757 509 2815 νεῶν
524 2748 714 2815 Brunckius.

237 2873 310 2938 342.
327 2855 369 2916 ὧν
382 2852 438 2933 ἦγε
451 2850 577 2935 πλῆθος]
592 2858 668 2916 νεῶν
683 2853 717 2916 τὸ
731 2857 846 2932 πλῆθος
861 2852 947 2918 Plut.
972 2856 1009 2919 V.
1026 2853 1183 2921 Themiet.
1196 2876 1223 2919 c.
1239 2874 1292 2936 14.

193 2955 250 3041 qui
264 2976 372 3017 versus
385 2971 568 3038 341-343.
582 2952 699 3017 attulit.

236 3054 430 3140 ὑπέρκομποι]
454 3052 658 3117 Scribendum
681 3054 842 3137 ὑπέρκοποι
862 3080 934 3122 cum
958 3056 1154 3125 Blomfieldo.
1189 3058 1228 3122 V.
1250 3057 1294 3124 ad

195 3160 281 3247 Sept.
299 3182 327 3221 v.
342 3177 416 3242 391.

236 3282 310 3348 343.
328 3260 368 3347 θ’]
383 3259 407 3325 δ’
424 3261 466 3324 Ν.
484 3260 559 3324 Ald.

237 3365 285 3430 ὧδ’
301 3365 366 3448 ἔχει
381 3364 486 3448 λόγος]
501 3364 540 3426 V.
555 3361 597 3426 ad
613 3363 699 3449 Sept.
713 3378 784 3448 225.

236 3485 310 3551 344.
326 3465 481 3551 δοκοῦμεν]
498 3464 705 3530 Scribendum
722 3470 854 3547 δοκῶμεν
866 3489 906 3532 ex
922 3466 1031 3532 Guelf.

236 3567 408 3653 λειφθῆναι]
423 3570 576 3649 ληφθῆναι
590 3568 759 3654 Μ.,Μοε(].

235 3669 349 3756 pum]
374 3668 505 3754 Signum
527 3668 741 3755 interrogandi
762 3671 868 3757 posuit
887 3673 1011 3737 Turu.:
1034 3685 1190 3757 punctum
1213 3670 1294 3738 Ald.

192 3772 277 3838 Rob.
293 3786 324 3834 et
338 3785 421 3834 recte
432 3768 571 3855 quidem,
586 3770 644 3835 nisi
659 3771 744 3856 quod
760 3773 850 3836 colon
865 3773 970 3860 potius
983 3795 1101 3860 ponere
1113 3772 1285 3839 debebant.

236 3875 310 3960 346.
327 3872 489 3958 ἰσορρόπῳ]
505 3875 636 3958 ῖσορόπῳ
652 3874 689 3938 C.
706 3872 783 3941 Ald.
1159 3870 1161 3874 Α

237 3980 313 4065 348.
336 3979 435 4040 Hunc
456 3999 582 4041 versum
608 3979 735 4043 Atossse
756 3978 930 4058 continuat,
950 3998 1025 4065 349.
1046 3978 1162 4045 nuncio
1183 3979 1296 4046 tribuit

237 4181 312 4267 ἔστ’]
328 4178 368 4245 ἔτ’
384 4194 455 4245 octo
469 4180 591 4245 codices
605 4194 637 4246 et
652 4182 736 4247 Rob.

238 4284 297 4369 ἆρ’]
312 4281 357 4364 ἄρ’
373 4281 448 4347 edd.
464 4297 539 4348 vett.
555 4299 587 4348 et
600 4283 732 4365 codices,
748 4298 784 4350 ut
798 4286 933 4363 videtur,
947 4285 1099 4375 plerique.

238 4386 414 4470 ἀπόρθητος]
431 4387 524 4450 Ηοοο
539 4387 663 4451 laudem
677 4387 751 4474 jure
765 4387 901 4474 quodam
918 4389 1046 4476 proprio
1060 4388 1132 4454 urbi
1146 4410 1213 4453 suae
1228 4387 1295 4452 vin·

194 4489 341 4555 dicabant
360 4485 578 4554 Athenienses.
616 4491 788 4555 Oraculum
810 4514 862 4579 ap.
878 4490 1034 4558 Herodot.
1049 4506 1081 4576 7,
1099 4510 1171 4574 141.
1184 4494 1295 4577 Τεῖχος
