2978 5062
244 338 310 404 180
603 336 981 402 ANNOTATIONES

244 506 320 587 πρὸς
329 505 419 588 χρίος
432 508 509 579 τόδε,
521 527 580 592 pro
593 508 672 574 ὅπως
685 507 827 588 γένοισθε
840 508 1040 587 omasum
1050 505 1151 568 rto-mi
1164 505 1240 586 πρὸς
1252 505 1344 589 χρέος

243 609 322 680 τόδε,
339 622 375 670 ut
390 609 525 671 Eumen.
541 611 615 688 670.
631 610 711 675 ὅπως
723 607 842 688 γίνοιτο
856 606 963 673 πιστὸς
977 607 1008 672 ἐς
1021 605 1056 668 τὸ
1070 610 1131 668 πᾶν
1144 608 1266 689 χρόνον.

289 726 341 771 2ο.
357 708 513 797 γένοισθε]
529 710 659 791 γένησθε
671 708 791 795 aliquot
804 707 895 772 oodd.
910 722 942 770 et
957 705 1035 769 Ald.
1051 707 1154 770 Tum.

288 828 338 888 24
354 813 466 874 οίωνῶν
479 811 586 895 βοτὴρ]
602 810 724 874 Latinis
738 809 843 873 dictus
856 807 918 872 suit
932 807 1110 870 Pallados.
1154 807 1206 870 De
1219 805 1344 870 Tiresia

242 932 365 997 augure
383 911 448 975 vid.
469 911 615 997 Sophoch
632 911 710 975 OEd.
727 912 768 974 T.
783 911 859 991 488.
875 909 990 994 Eurip.
1008 907 1161 972 Phoeniss.
1178 925 1251 992 779.
1266 910 1342 993 832.

243 1012 416 1076 Pausanias
436 1012 540 1076 locum
557 1013 741 1076 Thebarum
756 1024 909 1074 memorat
929 1013 1162 1074 οίωνοσκοπεῖον
1174 1014 1341 1091 Τειρεσίου,

241 1111 283 1176 de
297 1136 362 1199 quo
377 1112 522 1199 Sophocl.
540 1115 651 1200 Antig.
668 1134 741 1200 999.
764 1113 941 1177 BLOMF.

287 1233 339 1300 25.
355 1218 389 1279 ἐν
404 1216 459 1278 οἰσὶ
474 1217 593 1299 νωμῶν]
612 1214 758 1301 Sophocl.
772 1214 851 1279 (Ed.
871 1216 951 1300 Tyr.
966 1232 1041 1297 300.
1052 1210 1098 1276 Ὠ
1111 1213 1210 1277 πάντα
1224 1218 1340 1292 νωμῦν,

240 1319 394 1397 Τειρεσία,
409 1316 529 1380 διδακτά
543 1340 585 1389 τε,
597 1315 731 1398 Ἀρρητθ
744 1314 779 1389 τ’,
795 1314 918 1396 οὐράνιά
931 1340 974 1388 τε,
992 1317 1040 1378 καὶ
1052 1319 1250 1398 χθονοστιβῆ.
1288 1316 1342 1378 De

241 1418 366 1482 Tiresia
381 1417 549 1503 Spsnhem.
564 1417 604 1480 ad
620 1415 744 1480 callim.
760 1418 841 1480 Lar.
857 1416 937 1480 Pali.
952 1434 1024 1479 ι2ι.
1048 1416 1224 1480 BLOMF.

284 1519 376 1600 πυρὸς
396 1520 481 1602 δίχα]
505 1520 578 1581 Νοσ
594 1517 756 1604 ignispicio
769 1531 826 1580 sut
844 1516 1006 1604 extispicio
1021 1540 1113 1581 usus:
1135 1516 1177 1580 ef.
1193 1514 1341 1602 Sophocl.

241 1619 356 1705 Antig.
377 1620 451 1700 998.
478 1619 648 1705 Euripides
667 1635 769 1682 tamen
794 1616 950 1682 Phoeuiss.
973 1619 1048 1702 998.
1071 1617 1224 1682 Tiresiam
1246 1641 1341 1683 usum

239 1744 307 1786 esse
328 1721 372 1783 ait
398 1722 515 1806 ἐμπύρῳ
544 1722 645 1804 τέχνη.
692 1720 841 1806 Auguria
863 1719 1007 1784 sumebat
1028 1719 1093 1783 sire
1116 1743 1137 1783 a
1158 1719 1288 1783 vocibus
1308 1734 1342 1784 et

239 1821 360 1886 alarum
382 1821 539 1908 clangore,
555 1823 619 1886 sive
632 1844 672 1885 ex
694 1821 768 1885 fllioe
779 1820 997 1908 descriptione,
1012 1821 1100 1908 quod
1122 1820 1168 1885 ait
1188 1819 1286 1885 schol.
1299 1822 1339 1885 B.

284 2027 335 2089 26.
357 2024 565 2110 χρηστηρίους]
579 2025 775 2112 Auguralcr.
808 2022 926 2087 Rarius
946 2022 1148 2108 adjectivum.
1182 2023 1338 2087 Herodot.

239 2127 271 2203 6,
289 2128 340 2190 80.
356 2125 551 2191 ὧἈπολλον
564 2125 733 2209 χρηστήριε.
756 2124 961 2211 Adjectivum
977 2139 1025 2188 est
1041 2124 1154 2211 Eurip.
1172 2125 1247 2190 Hel.
1264 2126 1338 2209 829.

282 2330 335 2394 28.
348 2327 488 2415 Ἀχαίδα]
505 2329 710 2394 Scribendum
725 2327 865 2411 Ἀχαιίδα
879 2350 918 2390 ex
930 2329 970 2391 B.
980 2342 1010 2390 et
1025 2326 1178 2392 Cantabr.
1192 2340 1338 2415 utroque.

238 2431 277 2493 V.
292 2429 332 2493 ad
349 2430 462 2517 Eurip.
480 2431 562 2494 Hec.
576 2432 651 2513 287.
666 2429 844 2512 προσβολὴν
858 2427 955 2493 schol.
968 2429 1009 2491 B.
1023 2443 1107 2492 recte
1120 2428 1256 2516 explicat
1268 2430 1339 2510 ἐυή-

237 2537 329 2595 λοσιν
342 2537 395 2596 τοῦ
408 2539 468 2596 τῶν
480 2530 628 2613 Ἀργείων
641 2535 780 2613 προτοῦ.

283 2651 334 2715 29.
366 2633 623 2715 νυκτηγορεῖσθαι]
655 2633 762 2696 Noctu
793 2631 999 2717 proclamari.
1043 2632 1125 2695 Eur.
1154 2630 1254 2694 Rhes.
1286 2632 1338 2695 88.

232 2731 354 2812 Ἕκτορ,
381 2735 412 2797 τί
435 2735 534 2815 χρῆμα
557 2733 689 2813 νθκτεροι
714 2734 788 2796 κατὰ
814 2732 952 2813 στρατὸν,
976 2733 1040 2798 Τὰς
1063 2734 1121 2798 σᾶς
1148 2731 1223 2812 πρὸς
1252 2733 1340 2800 εὐνὰς

238 2836 372 2914 φύλακες
388 2835 527 2900 ἐλθόντες
541 2834 631 2916 φόβῳ
645 2836 881 2914 Νυκιηγοροῦσι,
897 2832 946 2896 καὶ
960 2834 1108 2912 κεκίνηται
1122 2834 1268 2914 στρατόςς

282 2932 523 3015 κάπιβουλετίειν]
547 2934 796 3011 κάπιβουλεύσειν
810 2933 918 3019 vulgo.
955 2934 1142 2997 Corrsctum
1162 2955 1201 2996 ex
1223 2956 1338 2999 norem

238 3032 399 3097 codicibus
412 3046 444 3096 et
458 3032 630 3098 scholiasta.

281 3155 336 3219 30.
357 3137 455 3200 πύλας
475 3134 689 3220 πυργωμάτων]
710 3140 815 3199 ιτνλόν
832 3135 1013 3216 σνργιίματα
1035 3133 1280 3222 superscriptum
1304 3135 1338 3199 iu

239 3236 290 3300 M.
305 3236 347 3300 ab
360 3235 420 3300 alia
435 3259 541 3299 manu.

280 3357 333 3423 31.
357 3337 481 3422 σοῦσθε]
507 3339 615 3402 Boiis.
651 3342 778 3403 Σοΰσθε.
809 3341 863 3410 ire,
887 3339 1031 3418 ὁρμᾶσθε.
1066 3337 1208 3425 Hesych.
1228 3340 1338 3402 “Ver-

237 3438 346 3516 buur,”
360 3438 463 3524 inquit
479 3439 671 3504 valckeuaer.
694 3439 724 3503 in
747 3439 908 3503 Theocrit.
923 3438 1079 3503 Adoniaz.
1103 3463 1136 3526 p.
1152 3443 1226 3523 265.
1249 3449 1339 3527 “per

236 3557 374 3628 quatuor
394 3541 436 3604 de
456 3542 597 3627 quinque
617 3542 778 3606 vocalibus
800 3545 966 3619 variatum,
990 3542 1064 3616 σάω,
1085 3543 1157 3617 σία,
1173 3545 1246 3617 σθω,
1262 3545 1336 3617 σθω,

237 3646 350 3717 σοθειν,
366 3666 405 3707 ex
421 3646 483 3706 σόα
497 3657 615 3721 ortum,
632 3643 749 3707 Atticis
764 3645 832 3729 jam
846 3643 907 3706 fuit
922 3643 955 3705 in
970 3666 1048 3707 usu:
1073 3649 1202 3708 σοῦσθαι
1223 3646 1338 3709 uostris

235 3743 268 3807 iu
290 3743 377 3808 libris
400 3744 563 3830 reperitur.
608 3744 817 3830 Sophocleum
832 3746 953 3808 σούσθω
973 3760 1125 3809 memorat
1139 3745 1289 3810 Euststh.
1304 3746 1336 3810 in

236 3845 329 3908 Iliad.
353 3853 392 3910 Α.
416 3869 448 3932 p.
471 3863 526 3926 47,
551 3862 600 3928 17.
623 3859 655 3908 et
674 3845 705 3907 in
726 3845 842 3930 Odyss.
867 3851 908 3908 Π.
934 3867 968 3932 p.
984 3865 1061 3930 590,
1083 3849 1138 3930 36.
1161 3869 1201 3910 ex
1228 3848 1338 3932 Ajacis

236 3967 267 4009 r.
296 3967 390 4026 1414.
414 3946 598 4010 adnotatum
629 3947 670 4010 ab
697 3946 743 4010 H.
767 3946 928 4031 Stephano
954 3947 1052 4010 Thes
1078 3949 1120 4010 L.
1144 3949 1189 4011 G.
1215 3949 1274 4011 vol.
1301 3969 1335 4033 3.

235 4068 268 4132 p.
283 4051 365 4110 1226
378 4049 421 4110 E.
445 4047 538 4125 Quod
553 4070 592 4111 ex
608 4047 734 4112 duobus
750 4046 875 4110 Lexicis
889 4062 1008 4132 prostat
1023 4048 1110 4134 apud
1126 4050 1337 4135 Hesychium‚

237 4151 346 4223 σοῦσο,
362 4146 436 4209 alibi
454 4169 516 4210 non
532 4147 658 4211 memini
679 4170 729 4211 me
749 4147 859 4232 legere.
882 4153 998 4223 σοῦται,
1013 4148 1098 4233 quod
1122 4148 1228 4227 habet,
1243 4167 1291 4215 est
1304 4152 1336 4215 in

236 4246 383 4332 AEschyli
404 4248 549 4333 Choeph.
564 4251 638 4335 638.
662 4255 786 4313 σοῦνται
807 4249 897 4314 Pers.
912 4269 965 4334 25.
988 4253 1101 4314 σοῦσθε
1124 4251 1237 4337 Suppi.
1260 4253 1336 4337 833,

236 4347 311 4433 839.
326 4347 416 4432 Sept.
428 4370 458 4413 c.
474 4348 581 4415 Theb.
591 4368 647 4435 3¹·
670 4350 711 4414 In
726 4347 909 4434 Euripideis
923 4370 1092 4435 nusquam,
1103 4351 1191 4436 quod
1206 4351 1336 4436 quidem
