2978 5062
600 360 668 425 AD
693 360 882 426 PERSAS.
1226 356 1291 421 818

191 533 223 612 8,
240 551 270 607 a,
282 544 351 597 11⁸.
368 533 395 597 εί
408 533 443 596 δέ
456 557 499 600 τις
513 534 606 597 οἴεται
621 531 676 597 lvo
690 531 809 614 αΙρετδν
822 531 898 596 εῖναι
911 529 1075 614 δφδαλμδν
1087 533 1223 611 βασιλεῖ,
1238 528 1291 594 ote
1367 566 1371 575 ·

188 636 283 717 δρθῶς
296 637 398 698 otera-
422 635 513 715 ὀλίγα
526 636 585 716 γδρ
600 635 642 702 είς
657 634 695 698 δυ
709 637 767 699 ίδοι
782 634 831 698 καῖ
842 633 885 700 εῖς
896 633 1043 699 ἀκούσειε·
1066 653 1142 696 mox
1153 629 1291 718 subjicit,

188 740 264 802 οὕτω
278 738 311 801 δὲ
324 739 427 800 πολλὰ
440 737 497 816 μὶν
510 734 667 816 βασιλέως
680 733 750 810 ὦτα,
766 735 876 800 πολλοὶ
892 736 926 800 δδ
940 733 1093 817 ὀφθαλμοὶ
1113 735 1289 814 νομίζονται·

190 840 239 904 καὶ
258 843 427 920 φοβοῦνται
445 843 601 921 πανταχοῦ
622 837 727 921 λέγειν
748 842 786 902 rh
805 838 846 918 μὴ
868 839 1010 920 σύμφορα
1030 841 1166 918 βασιλεῖ,
1190 837 1291 917 ὥσπερ

189 941 279 1005 αὐτοῦ
293 941 460 1015 άκούοντος,
477 942 526 1005 καὶ
538 946 636 1005 ποιεῖν
651 941 670 1005 δ
684 941 725 1021 μὴ
739 940 890 1022 σύμφορα,
907 940 1008 1021 ὥσπερ
1023 938 1113 1002 αύτοῦ
1132 934 1289 1017 παρόντος.

190 1042 242 1106 Ita
257 1056 289 1105 et
304 1041 466 1107 Lucienus
481 1041 522 1106 de
536 1041 677 1105 meroede
690 1039 838 1105 conduct.
853 1064 881 1104 c.
899 1059 948 1124 29.
964 1036 1025 1103 ὦτα
1039 1041 1097 1121 γὰρ
1113 1038 1161 1101 καὶ
1175 1038 1291 1118 ὀφθαλ-

187 1144 240 1223 μοὶ
253 1142 409 1211 Βασιλέως
421 1145 545 1222 πολλοὶ,
560 1144 596 1207 οὗ
613 1141 707 1224 μόνον
719 1144 834 1221 τόληθῖγ
853 1143 988 1224 δρῶντες,
1005 1136 1074 1204 ἀλλ’
1091 1140 1142 1204 άεί
1159 1163 1193 1203 τε
1214 1163 1290 1220 προ·

189 1249 422 1327 επιμετροΰντες,
439 1247 478 1313 ίος
498 1246 539 1325 μὴ
561 1244 715 1321 νυστάζειν
735 1249 862 1308 δοκοῖεν.
907 1240 1095 1307 Aristoteles
1113 1239 1236 1304 Politia.
1257 1259 1292 1324 3,

192 1366 244 1425 11,
264 1368 295 1432 9.
320 1345 505 1428 (scholiastae
519 1345 742 1434 Aristophanis
763 1345 796 1409 in
812 1343 948 1409 Acharn.
964 1362 1019 1429 92.
1042 1340 1200 1423 laudatus)
1227 1343 1293 1406 ἐπεὶ

191 1450 239 1514 καῖ
254 1453 307 1514 νῦν
322 1450 498 1530 ὀφθαλμοὺς
515 1449 648 1516 πολλοὺς
667 1451 697 1512 ot
717 1446 864 1532 μόναρχοι
885 1449 1023 1512 ποιοῦσιν
1045 1446 1152 1510 αύτιῖν.
1198 1443 1293 1523 Quod

190 1550 282 1615 etiam
304 1551 349 1615 ait
366 1551 449 1615 viros
471 1550 530 1615 hoc
551 1543 653 1615 officio
674 1550 799 1615 functos
820 1572 933 1637 graves
953 1571 1016 1613 nou
1035 1549 1132 1614 fuisso
1152 1548 1205 1613 sed
1223 1547 1292 1612 vul·

189 1672 291 1737 geres,
321 1672 448 1716 rursum
471 1651 569 1717 salsus
596 1665 643 1717 est
668 1651 744 1716 Dio.
788 1651 951 1739 Alpistum
981 1650 1102 1716 Xerxis
1131 1650 1293 1734 δφθαλμδν

190 1752 299 1816 πιστὸν
313 1768 403 1818 vocat
418 1754 591 1840 AEschylus
611 1768 726 1831 noster,
741 1775 803 1818 non
825 1753 925 1818 otioso
946 1753 1103 1840 epitheto:
1128 1753 1187 1817 hoc
1209 1752 1292 1817 enim

191 1851 284 1915 titulo
302 1852 440 1938 insigniti
459 1868 547 1918 erant
569 1876 711 1940 prooeres
725 1854 853 1932 Persici,
867 1855 955 1940 quod
973 1854 1022 1918 vel
1043 1877 1083 1919 ex
1105 1854 1163 1918 hao
1184 1853 1293 1919 fabula

191 1952 264 2040 plus
292 1952 385 2016 semel
415 1952 597 2018 disoendum
630 1970 687 2020 est.
742 1955 867 2020 Adhaec
896 1955 1044 2019 videntur
1070 1958 1175 2020 πιστοί
1205 1954 1292 2041 apud

192 2056 303 2119 Persas
316 2053 466 2118 Eunuchi
483 2054 624 2141 quidam,
638 2054 705 2142 regi
722 2068 852 2144 propter
865 2056 959 2120 iidem
982 2079 1105 2122 summo
1126 2057 1158 2120 in
1181 2058 1292 2144 pretio.

191 2159 319 2223 Etenim
349 2160 429 2238 παρὰ
458 2163 538 2222 τοῖσι
568 2157 754 2241 βαρβάροισι
786 2159 900 2247 (inquit
929 2161 1114 2226 Herodotus
1144 2163 1175 2239 8,
1204 2165 1291 2246 105.)

191 2260 358 2341 τιμιότεροί
374 2261 451 2323 είσιν
465 2261 494 2322 οῖ
509 2259 656 2342 Εύυοΰχοι
677 2263 794 2329 πίστιος
816 2263 915 2327 εἵνεκα
936 2267 987 2342 τῆς
1008 2261 1108 2341 πόσης
1129 2269 1189 2328 τιῖν
1211 2265 1293 2345 ἐνορ-

191 2362 281 2446 χέον.
307 2361 401 2440 Quod
416 2384 490 2425 vero
504 2363 581 2426 tales
594 2360 712 2426 suerint
726 2364 879 2445 ὀφθαλμοὶ
892 2363 1048 2444 βασιλέως
1058 2363 1100 2429 ab
1114 2363 1292 2429 Heliodoro

191 2464 306 2529 diserte
328 2463 487 2550 proditum
510 2476 557 2528 est
579 2464 752 2553 AEthiopio.
775 2466 804 2529 8.
825 2489 856 2554 p.
873 2479 950 2551 405.
973 2472 1102 2549 Περσῶν
1123 2470 1181 2550 γὰρ
1202 2473 1293 2548 βασι-

192 2572 288 2635 λείαις
303 2571 408 2637 αὐλαῖς
423 2570 576 2651 ὀφθαλμοὶ
594 2570 642 2633 καὶ
654 2569 751 2643 άκοαῖ,
767 2568 801 2632 τὸ
818 2569 969 2653 εὐνούχων
990 2568 1087 2652 γένος.
1111 2570 1146 2633 ού
1168 2573 1291 2646 παίδων,

192 2672 228 2737 οὗ
242 2674 430 2755 συγγενείας,
445 2670 480 2735 τὸ
494 2672 602 2736 πιστὸν
615 2674 667 2751 τῆς
681 2670 797 2738 εὐνοίας
814 2672 1022 2751 μετασπύσης,
1039 2673 1121 2736 ἀλλὰ
1134 2670 1228 2753 μόνον
1242 2676 1295 2736 τοῦ

191 2776 407 2842 πιστεύσαντος
421 2775 603 2856 άναρτείοης.
648 2772 820 2837 Enimvero
841 2772 926 2860 regis
946 2772 1029 2838 oculi
1050 2772 1132 2837 inter
1153 2786 1293 2860 satrapas

191 2875 281 2963 regni
303 2874 419 2939 Persici
442 2891 655 2939 numerantur.
702 2875 887 2940 Scholiastes
908 2875 949 2940 ad
970 2874 1050 2940 illud
1070 2875 1293 2964 Aristophanis

193 2976 224 3042 in
241 2977 380 3042 Acharn.
396 2998 448 3063 91.
472 2978 520 3042 καὶ
541 2983 596 3043 νῦν
615 2979 740 3061 άγοντες
760 2980 871 3058 ἥκομεν
889 2976 1105 3060 Ψευδαρτάβαν
1118 2979 1182 3042 Τδν
1203 2985 1293 3060 βασι-

191 3079 270 3148 λέως
295 3080 583 3162 ὀφθαλμόν-σύτο
607 3079 744 3153 ἐκάλουν.
769 3081 882 3167 iuquit,
908 3080 977 3146 τοὺς
1000 3079 1164 3164 σατράπας,
1190 3079 1225 3145 δι’
1251 3083 1294 3145 ὦν

192 3180 291 3246 πάντα
305 3184 321 3245 ὁ
335 3183 483 3263 βασιλεὺς
498 3182 668 3256 ἐπεσκόπει,
684 3204 779 3268 quem
799 3182 990 3267 exscriptum
1011 3203 1097 3245 more
1118 3203 1176 3244 suo
1198 3181 1294 3245 tradit

193 3283 309 3348 Suidas
322 3283 354 3348 in
371 3284 528 3365 ὀφθαλμὸς
541 3284 704 3364 βασιλέως.
728 3282 779 3347 Sic
793 3296 826 3346 et
840 3281 1049 3347 Philostratus
1063 3282 1096 3345 in
1110 3281 1175 3346 rita
1189 3284 1291 3367 Apol-

192 3384 268 3449 lonii
290 3384 344 3450 lih.
360 3405 389 3447 1.
412 3388 459 3472 (p.
477 3387 528 3451 26.
549 3386 670 3469 Olear.)
694 3383 845 3466 σαπρότης
866 3387 899 3448 δὲ
920 3384 956 3470 τῇ
978 3386 1093 3467 φρουρᾷ
1114 3384 1205 3470 παύτρ
1228 3381 1291 3446 ἐτέ-

193 3512 292 3565 τακτο,
316 3486 470 3568 βασιλέως
495 3513 538 3555 τις
562 3487 644 3569 οἶμαι
665 3485 833 3570 ὀφθαλμός.
861 3488 990 3551 STANL.
1035 3485 1100 3549 Dio
1125 3484 1290 3573 chrysost.

197 3610 224 3652 1.
241 3612 272 3675 p.
288 3604 343 3673 54.
358 3588 407 3652 ed.
424 3587 532 3653 Reisk.
550 3588 681 3657 ὁπόσους
695 3591 733 3654 άν
747 3614 791 3656 τις
804 3586 823 3669 ᾗ
838 3587 1012 3669 κεκτημένος
1026 3589 1169 3670 ἑταίρους,
1184 3589 1291 3653 τοσού-

191 3716 254 3757 τοις
272 3693 329 3771 μὲν
343 3693 560 3772 όφθαλμοῖς,δ
580 3693 734 3773 βούλεται,
750 3694 816 3776 δρᾷ,
832 3693 991 3758 τοσαύταις
1012 3692 1045 3756 δὲ
1066 3691 1213 3765 aaronis&
1235 3695 1290 3768 δεῖ,
1373 3777 1376 3781 ἡ

190 3794 301 3858 άκούει
325 3794 500 3857 BLOMF.

235 3896 309 3979 981.
331 3893 523 3976 πεμπαστάν]
548 3897 613 3970 Qui
633 3907 791 3962 numerat.
813 3898 945 3964 Homer.
961 3896 1077 3985 Odyss.
1094 3904 1133 3963 Δ.
1146 3915 1222 3979 412.
1241 3896 1293 3961 αύ-

191 3999 247 4079 τδρ
273 3996 348 4076 ἐπὴν
369 3995 470 4065 πάσας
490 3995 710 4078 πεμπάσσεται,
733 4000 785 4080 ἠδὲ
812 4001 935 4081 ίίδγται,
959 3999 1000 4064 de
1026 3999 1153 4080 Proteo,
1175 3998 1293 4086 phocas

191 4113 406 4164 numeraturo.
430 4098 534 4164 Schol.
554 4104 628 4164 κατὰ
650 4099 741 4166 πέντε
763 4101 929 4184 δριθμήσει.
945 4100 1085 4190 Etymol.
1101 4104 1152 4167 M.
1168 4126 1200 4189 p.
1216 4102 1291 4182 660,

190 4219 226 4285 3.
248 4199 466 4280 πεμπάσσεται.
489 4201 549 4266 άπδ
569 4208 622 4267 τοῦ
643 4202 792 4284 πεμπάζοι·
812 4205 846 4287 (l.
861 4203 921 4269 άπὸ
935 4210 988 4269 τοῦ
1001 4203 1173 4286 πεμπάζειν,
1189 4204 1220 4290 δ)
1236 4228 1291 4285 ση-

223 4380 238 4410 ⁸
255 4370 349 4420 Verum
365 4371 398 4420 ibi
416 4371 553 4434 Xenophon
570 4371 648 4436 magi,
663 4373 721 4435 quid
735 4373 822 4424 melius
833 4373 869 4435 fit,
881 4389 954 4437 quam
965 4373 1024 4436 quid
1034 4371 1087 4422 fieri
1098 4369 1173 4421 soleat
1182 4371 1291 4436 exponit,

190 4450 337 4515 omninoque
347 4452 425 4517 magis
434 4451 548 4502 monendi
559 4452 677 4517 prindpes
687 4467 767 4514 naurs,
779 4469 853 4519 quom
868 4455 901 4505 τά
915 4452 1021 4504 histodn
1031 4452 1158 4505 vatnam
1169 4453 1293 4518 disputare

191 4529 296 4582 videtur.
313 4533 390 4583 SGH.

718 4636 739 4679 R
754 4638 771 4679 l'
