2978 5062
189 349 254 413 200
348 388 351 393 -
552 347 929 412 ANNOTATIONES

232 513 349 594 Ἐρινύς
364 514 413 577 Μ.
437 511 573 594 Ἐριννὺς
587 514 693 599 vulgo.

233 617 306 679 ὅταν
320 619 381 679 Ατ.
394 616 542 680 Cantabr.
556 631 688 700 uterque
703 630 743 693 et,
756 615 781 678 si
792 614 870 701 quid
881 638 920 679 ex
933 612 1054 679 silentio
1063 613 1298 700 colligendum,

192 718 243 782 M.
265 716 325 780 οὔτ’
341 717 379 781 ἂν
393 715 468 780 Ald.
494 717 555 781 ούθ
571 717 609 781 ἃν
623 718 707 782 Rob.
731 716 791 780 αὖτ’
807 717 845 781 ἂν
860 718 962 781 Turn.

234 835 306 902 701.
322 820 478 905 δέχωνται]
494 821 632 902 δέχονται
647 819 730 884 Rob.

234 937 307 1006 703.
329 921 416 1004 χάρις
437 921 462 985 δ’
482 923 535 1003 ἀφ’
554 922 636 1001 ἡμῶν
651 919 805 1000 ὀλομέυωυ
820 919 1007 1004 θαυμάζεται]
1023 921 1122 983 Recte
1137 920 1295 1007 interpre-

189 1036 276 1089 tatur
287 1024 460 1100 scholiasta,
472 1025 525 1103 τὴν
536 1025 689 1088 ἆπιύλειαν
699 1024 781 1103 ἡμῶν
792 1025 826 1086 ἐν
836 1022 957 1106 χάριτος
966 1024 1054 1106 μοίρᾳ
1064 1022 1293 1102 λαμβάνουσιν,

188 1124 217 1206 ἢ,
232 1130 307 1206 μετὰ
321 1126 374 1190 τὸν
389 1126 518 1190 θάνατον
531 1129 604 1192 ἴσως
619 1127 755 1191 εὐκλείας
769 1125 940 1204 τευξόμεθα.

234 1244 307 1311 705.
319 1233 373 1291 νῦν
384 1229 434 1291 ὅτε
448 1229 505 1309 (ὅτι
516 1227 615 1307 Rob.)
630 1253 681 1290 σοι
691 1225 878 1308 παρέστακεν
891 1223 1023 1311 (aliquot
1034 1224 1126 1289 codd.
1136 1225 1292 1306 παρέστη-

191 1330 268 1414 κευ)]
285 1328 387 1393 Schol.
405 1335 458 1393 νῦν
473 1328 669 1393 κολακευτέον
683 1329 736 1392 τὸν
751 1327 889 1399 θάνατον,
901 1329 952 1393 ὅτε
964 1354 1014 1392 σοι
1023 1329 1110 1395 οὗτος
1118 1326 1293 1408 παρέστηκε

192 1433 239 1495 καὶ
254 1430 367 1509 ἐπῆλθέ
382 1455 442 1493 σοι.
466 1437 520 1494 νῦν
533 1432 585 1495 ὅτε
598 1429 738 1493 similiter
751 1430 783 1493 in
801 1431 914 1516 Suppl.
931 1431 1004 1513 630.
1021 1434 1075 1492 νῦν
1089 1430 1140 1493 ὅτε
1155 1428 1204 1491 καὶ
1224 1429 1293 1492 θεοὶ

192 1538 347 1614 Διογενεῖς
362 1530 470 1595 κλύοιτ’
486 1532 605 1595 εὐκταῖα
619 1531 701 1613 γένει
714 1533 854 1614 χεούσας.

235 1636 305 1717 706.
321 1633 459 1716 τροπαία]
475 1656 517 1696 sc.
529 1634 613 1714 αύρα.
663 1636 776 1696 Ventus
789 1633 845 1718 qui
859 1631 970 1712 τροπὴν
970 1633 1057 1716 fert.
1073 1633 1191 1716 Agant.
1211 1649 1289 1697 220.

191 1735 306 1816 Φρευὸς
319 1734 418 1798 πνέων
434 1738 568 1813 δυσσεβῆ
589 1736 742 1816 τροπαίαν.
765 1739 904 1814 τροπαῖος
925 1732 1077 1819 adjective
1099 1732 1214 1818 saepius
1235 1756 1292 1797 oc·

189 1835 296 1900 currit.
342 1835 475 1898 Photius
489 1850 520 1900 et
536 1834 678 1921 Etymol.
697 1837 745 1899 M.
761 1859 793 1920 p.
807 1835 883 1917 766,
897 1853 950 1914 40.
968 1836 1108 1917 Τριπαία.
1133 1837 1291 1914 ἡέναυτία

189 1938 276 2018 πνοή.
306 1940 397 2005 οὕτως
423 1942 586 2018 Σοφοκλῆς.
623 1935 813 2011 Brunclrius,
839 1958 892 1999 seu
917 1935 1021 2022 potius
1042 1935 1289 2015 Valckenarius,

189 2042 335 2121 Τροπαία.
360 2040 534 2103 BLOMF.

234 2144 268 2205 ἐν
282 2142 418 2226 τροπαίᾳ]
434 2142 597 2226 ἃντροπαίιρ
612 2139 694 2203 Rob.
719 2137 827 2224 Steph.
845 2140 878 2201 ἓν
897 2140 1048 2219 ἀνατροπῇ
1064 2142 1112 2204 καὶ
1124 2149 1288 2220 μεταλλοι-

190 2244 263 2307 ύσει
278 2242 414 2329 explicat
428 2242 601 2306 scholiasta.

235 2347 306 2429 708.
322 2345 380 2428 ζεῖ]
396 2348 430 2424 ζῆ
445 2344 527 2408 Rob.

235 2467 306 2532 709.
327 2446 463 2525 ἐξέζεσεν
484 2445 593 2533 Steph.
616 2460 647 2510 et
668 2443 760 2509 codd.
780 2443 930 2530 plerique.
953 2444 1092 2523 ἐξέζεσαυ
1107 2444 1185 2511 Ald.
1201 2447 1287 2512 Rob.

191 2550 293 2613 Turn.

234 2665 306 2732 710.
330 2651 475 2713 ἐνυπνίων
496 2647 729 2732 φαντασμάτων]
751 2646 895 2734 Speciose
911 2646 1082 2735 AEschylus
1096 2648 1198 2734 fingit,
1216 2671 1288 2714 um·

190 2751 277 2816 bram
303 2750 415 2835 OEdipi
445 2773 502 2836 per
527 2762 710 2813 nocturnam
740 2748 877 2835 quietem
903 2749 1018 2835 saepius
1042 2751 1164 2815 Eteocli
1189 2775 1289 2839 appe-

190 2851 298 2931 ruisse,
313 2851 499 2936 easdemque
513 2850 607 2927 diras,
623 2849 739 2936 quibus
753 2849 804 2913 ille
825 2848 904 2913 filios
924 2850 1102 2930 devoverat,
1118 2853 1286 2939 repetiisse.

190 2955 364 3040 Optaverat
377 2968 481 3015 autem
498 2951 638 3038 OEdipus
656 2966 691 3015 ut
710 2950 763 3014 filii
784 2951 868 3015 ferro
889 2953 1090 3017 hereditatem
1113 2973 1286 3034 cernerent,

189 3055 273 3119 ferro
294 3077 369 3140 opes
391 3069 535 3140 paternas
559 3053 640 3115 inter
664 3074 696 3114 se
718 3051 912 3117 dividerent:
944 3053 1008 3117 vid.
1035 3077 1063 3118 v.
1086 3055 1159 3137 788.
1183 3058 1286 3121 SCH.

190 3156 411 3240 φαντασμάτων
430 3156 575 3220 ἐνυπνίων
591 3152 739 3218 Cantabr.
763 3154 926 3218 secundus.
951 3156 1118 3237 φασμάτων
1141 3160 1288 3224 ἐνυπνίων

190 3267 234 3325 A.
259 3258 374 3346 aliique
396 3256 538 3323 nonnulli
560 3271 592 3321 et
614 3254 712 3333 Rob.,
734 3277 808 3339 quae
830 3257 983 3343 scriptura
1004 3258 1096 3322 etiam
1120 3259 1151 3322 in
1178 3261 1216 3324 B.
1239 3275 1288 3325 est

189 3378 348 3426 annotata.

234 3479 306 3544 711.
323 3461 464 3547 δατήριοι]
479 3462 617 3543 ὃστήριον
631 3460 707 3524 Ald.
732 3449 859 3541 δθτήριοι
875 3461 925 3524 M.

234 3581 307 3648 712.
322 3564 437 3647 πείθου]
454 3568 540 3627 πιθοῦ
555 3562 760 3627 Blomfieldus
776 3562 986 3651 probabiliter.

232 3667 279 3752 ού]
293 3667 333 3747 μὴ
350 3665 486 3729 L.Rob.

233 3788 304 3851 713.
325 3768 381 3846 ἄνη
400 3793 444 3833 τις
464 3768 512 3829 Μ.
535 3765 650 3850 aliique
670 3764 821 3830 nonnulli.
869 3766 968 3830 Pauci
990 3768 1089 3835 ἄνντις
1113 3791 1185 3833 cum
1206 3768 1284 3834 Ald.

189 3869 274 3932 Rob.
292 3871 408 3943 Turn,
424 3866 565 3954 plerique
579 3867 691 3933 ύννσις.

232 3971 312 4054 οὐδὲ]
328 3971 363 4033 ού
377 3972 410 4033 δὲ
425 3969 510 4032 Rob.

230 4072 357 4156 μακρόν]
372 4070 469 4152 μακρά
485 4069 569 4134 Rob.

233 4176 306 4256 716.
323 4173 417 4257 νίκην]
434 4174 517 4250 δίκην
530 4171 615 4234 varia
631 4170 721 4236 lectio
735 4172 820 4257 apud
838 4172 1041 4238 scholiastam.

233 4294 305 4359 719.
329 4274 465 4358 ἐκφύγοι]
490 4272 694 4337 Scribendum
719 4275 858 4356 ἐκφύγοις
879 4297 917 4338 ex
934 4277 982 4339 M.
999 4276 1111 4362 inquo
1130 4304 1160 4341 οι
1177 4301 1285 4363 super-

188 4374 349 4463 scriptum.
396 4376 537 4439 Tertiam
553 4397 715 4461 personam
731 4376 875 4441 secundae
890 4377 1071 4465 hujusmodi
1084 4380 1116 4442 in
1133 4379 1206 4446 locis
1219 4404 1283 4445 non

189 4499 259 4541 raro
275 4476 504 4543 substituerunt
519 4476 652 4543 librarii:
677 4477 717 4567 do
731 4500 796 4563 quo
809 4477 875 4543 dixi
888 4478 930 4543 ad
947 4480 1045 4569 Soph.
1061 4482 1155 4568 Ajac.
1168 4500 1239 4568 155.
