2978 5062
250 332 315 400 194
609 328 986 395 ANNOTATIONES

250 502 332 562 n‘rP
360 500 407 571 σὺ,
439 502 487 562 καὶ
514 504 574 563 τάν
603 505 698 580 δεῖμα,
727 502 774 564 καί
804 504 1066 565 ΠΑΝΟΎΡΓΙΑΣ
1093 503 1201 578 Δεινῆς
1225 497 1345 583 τέχνηρί

251 601 401 684 ἔχθιστον.
425 601 572 665 Eustath.
591 601 632 665 ad
654 602 692 664 Il.
709 608 742 665 B.
759 624 792 688 p.
810 621 883 678 201,
900 605 930 666 6.
954 602 1077 684 Θερμδν
1099 601 1188 684 ἔργον
1210 605 1348 664 διαλελυ-

250 701 357 781 μένως,
379 701 412 765 τὸ
438 705 555 771 ἀναιδὲς
578 706 626 767 καὶ
646 705 751 785 θρασθ·
787 703 967 784 θερμουργὸς
991 706 1024 767 δὲ
1051 703 1125 784 ἀνὴρ
1149 704 1183 767 έν
1206 700 1349 765 συνθέσει

251 806 442 884 κατὰλόγον
465 806 631 882 ἐπαινετὸν,
656 809 672 868 δ
697 804 877 886 θαρσαλέος,
902 807 950 868 καὶ
974 805 1014 884 μδ
1040 805 1156 888 ψυχρὸς
1181 807 1223 871 είς
1247 803 1346 884 ἔργον.

256 905 427 969 BLOMF.

295 1008 358 1091 mr]
377 1010 411 1072 ο
426 1008 516 1071 na..

295 1111 368 1189 604.
385 1109 453 1194 σὺν]
470 1108 674 1173 Scribcndum
692 1110 743 1187 ξὺν
757 1133 828 1173 curn
846 1109 1015 1174 Brunclrio.

295 1211 477 1295 θεοπτύστῳ]
500 1213 630 1295 θεομίσιρ
654 1213 696 1275 Ε.
720 1212 829 1277 Guelf.
856 1215 984 1277 Barocc.
1008 1211 1086 1276 Ald.
1113 1227 1145 1276 et
1167 1233 1231 1275 var.
1256 1209 1347 1272 lectio

253 1312 284 1374 in
301 1312 339 1374 B.

296 1416 369 1496 605.
393 1413 598 1499 ξυμπολίταις]
624 1413 829 1478 Scribeudunr
853 1418 905 1494 ξὺν
930 1419 1065 1482 πολίταις
1088 1439 1126 1479 ex
1154 1416 1191 1477 B.
1217 1413 1347 1498 aliisquo

253 1515 410 1580 nonnullis
424 1516 582 1579 codicibus
597 1530 629 1580 et
643 1518 747 1581 Turn.
792 1516 886 1592 Quod
901 1517 1063 1581 scholiasta
1077 1539 1204 1603 quoque
1219 1515 1303 1601 legit.

297 1619 370 1697 607.
388 1618 520 1700 ἐκδίκως]
539 1620 657 1684 ἐνδίκως
671 1617 763 1681 codd.
779 1617 898 1704 aliquot
913 1633 945 1681 et
961 1620 1045 1682 Rob.

297 1720 491 1802 ἀγρεύματος]
509 1721 714 1783 Ιντοίίῖῖοτιῖα.
761 1720 855 1783 Verte
869 1736 986 1799 autem,
1000 1723 1036 1782 ῖτι
1058 1720 1164 1783 eadem
1171 1721 1247 1804 foti
1265 1719 1347 1781 retia

254 1820 403 1882 incidens.
419 1821 535 1905 Agam.
548 1823 639 1905 1056.
660 1820 764 1887 Ἐντὸς
786 1820 811 1883 δ’
826 1822 864 1884 δυ
883 1824 960 1885 οὖσα
978 1822 1131 1902 μορσίμων
1146 1820 1346 1903 ἀγρευμάτων.

255 1920 338 1984 Ibid.
353 1922 427 2006 368.
452 1924 601 2005 στεγανὸν
615 1926 731 1987 δίκτυον
745 1923 814 2001 ἀτης
828 1926 1015 1986 παναλώτου.
1057 1921 1136 1986 Vide
1151 1924 1256 1986 Proin.
1273 1944 1346 2002 114.

254 2023 424 2088 BLOMF.

298 2127 370 2189 608.
387 2125 474 2208 δάμη]
493 2125 578 2205 ’δάμη
593 2148 663 2189 cunr
680 2125 825 2189 coronide
841 2125 1019 2189 Brunclrius
1034 2144 1127 2191 recte.

298 2229 371 2290 610.
388 2227 530 2310 εὐσεβὴς]
549 2227 670 2308 εὐγενὴς
684 2227 802 2313 aliquot
817 2227 908 2291 codd.
923 2244 955 2291 et
971 2229 1053 2292 Rob.

297 2330 372 2394 612.
410 2335 529 2410 φρενῶν
563 2329 632 2415 βίᾳ]
672 2328 876 2392 Scribendum
912 2332 968 2414 βίᾳ
1000 2337 1119 2412 φρενῶν
1150 2353 1221 2394 curn
1257 2333 1346 2394 CM.

254 2430 394 2515 aliisque.

298 2535 370 2616 613.
393 2533 524 2595 τείνουσι
545 2533 665 2611 πομπὴν
683 2531 737 2609 τὴν
755 2536 871 2612 μακρὰν
889 2535 980 2597 πόλιν
997 2535 1101 2615 (πάλιν
1116 2536 1220 2597 Τυτη.
1238 2534 1346 2620 Steph.

254 2648 286 2697 et
300 2633 390 2697 codd.
407 2633 559 2709 nonnulli,
574 2633 655 2697 inter
669 2657 749 2720 quos
764 2635 827 2714 M.)
843 2635 961 2719 μολεῖν]
982 2634 1164 2714 Scholiasta,
1179 2636 1234 2721 qui
1254 2636 1347 2700 πάλιν

254 2734 342 2820 legit,
367 2734 486 2813 πομπὴν
508 2735 562 2812 τὴν
583 2738 699 2815 μακρὰν
724 2735 887 2821 conjunxit
913 2750 1077 2822 totumque
1106 2737 1206 2802 locum
1232 2738 1276 2802 sic
1300 2756 1347 2803 est

253 2837 487 2922 interpretatus,
498 2837 546 2899 ἐπὶ
560 2838 614 2914 τὴν
625 2840 666 2903 είς
673 2835 782 2916 Ἀιδην
792 2837 929 2900 ἀποικίαν
944 2837 1159 2916 ἑλκυσθήσεται
1171 2846 1278 2919 μολεῖν
1291 2841 1346 2918 τὴν

255 2941 394 3002 ἐναντίαν
411 2943 447 3025 τῇ
465 2942 506 3006 είς
524 2939 635 3021 Ἀργος
654 2955 829 3003 commento
849 2937 990 3016 mirabili,
1013 2939 1100 3024 quod
1122 2941 1236 3004 nemini
1257 2942 1347 3006 facilc

254 3039 449 3126 persuadeat.
495 3041 534 3104 ln
556 3040 618 3104 alio
639 3041 757 3105 scholio
778 3043 820 3106 sic
842 3042 908 3106 haec
927 3042 1133 3128 explicantur,
1155 3047 1285 3126 σώφρων
1299 3047 1347 3109 καί

254 3143 364 3208 δίκαιος
374 3142 421 3205 καί
437 3143 565 3222 εὐσεβὴς
578 3144 652 3225 ἀνὴρ
666 3143 709 3208 διν
720 3145 1051 3227 ουγκαθελκνσθήσεται
1065 3147 1113 3209 καὶ
1127 3149 1168 3212 είς
1178 3146 1348 3227 τδνἍιδην

255 3243 473 3326 καταχθήσεται
486 3249 561 3324 μετὰ
575 3251 633 3308 τῶν
647 3247 770 3325 ἀσεβῶν
785 3246 849 3328 (his
862 3247 964 3310 verbis
979 3247 1027 3310 καὶ
1042 3251 1083 3314 είς
1101 3248 1154 3311 τὸν
1168 3246 1219 3311 Ἀ.
1236 3275 1262 3312 κ.
1273 3275 1305 3328 μ.
1320 3275 1346 3313 τ.

254 3348 283 3410 ἀ.
298 3346 477 3432 praecedens
497 3349 827 3429 ουγκαθελκνοθήσεται
844 3349 1018 3436 explanat),
1040 3352 1196 3431 συμμιγεὶς
1215 3352 1349 3419 ἀνοσίοις

255 3450 303 3512 καὶ
329 3449 477 3530 ἀσεβέσιν
499 3452 633 3534 ἀνδράσι,
656 3454 874 3534 θρασνστόμοις
896 3453 944 3514 καὶ
967 3451 1119 3532 φλνάροις.
1144 3450 1231 3516 nulla
1255 3454 1347 3539 plane

253 3549 373 3614 ratione
394 3550 502 3615 habita
519 3575 626 3616 versus
648 3553 742 3639 hujus
756 3555 885 3617 τείνουσι
906 3553 1026 3633 πομπὴν
1047 3553 1101 3631 τὴν
1121 3557 1237 3635 μακρδν
1258 3558 1349 3620 πόλιν

253 3657 368 3731 μολεῖν,
392 3653 446 3738 qui
472 3653 546 3717 mihi
568 3671 631 3719 tarn
657 3656 762 3742 inepte
787 3656 977 3741 compositus
999 3654 1135 3731 videtur,
1160 3669 1196 3719 ut
1221 3678 1284 3719 non
1307 3657 1349 3720 ab

256 3753 409 3841 AEschylo
424 3755 584 3842 scripturn,
601 3757 654 3821 sed
669 3781 689 3822 a
706 3757 907 3842 grammatico
926 3756 1032 3843 aliquo
1045 3758 1210 3823 confictum
1227 3773 1347 3844 putem,

254 3857 309 3943 qui
326 3857 384 3921 hoc
399 3857 501 3921 dicere
516 3857 615 3922 voluit
630 3860 760 3923 τείνουσι
773 3858 893 3938 πομπὴν
907 3860 962 3936 τὴν
975 3863 1090 3941 μακράν
1105 3861 1183 3925 ὥστε
1193 3861 1248 3939 τὴν
1258 3862 1349 3926 πόλιν

252 3969 369 4041 μολεῖν.
415 3960 470 4024 Ad
485 3967 591 4040 μολεῖν
606 3961 635 4024 in
653 3962 753 4024 Taua.
770 3975 951 4024 annotatum
967 3988 1015 4044 γρ.
1032 3966 1124 4027 ἑλεῖν.

296 4066 372 4143 614.
388 4069 472 4143 ξυγκ-
488 4061 677 4126 Brunclrius.
700 4088 790 4144 σνγκ-
805 4061 886 4125 libri.

298 4167 371 4229 616.
399 4165 525 4248 ἄθυμον]
550 4165 660 4244 ἄθυμος
687 4165 736 4227 Μ.
766 4176 798 4226 et
820 4166 1071 4249 quattuordecim
1095 4165 1146 4230 alii
1174 4189 1246 4231 cuin
1270 4166 1346 4231 Ald.

255 4266 357 4330 Rob.:
381 4267 474 4329 ceteri
492 4268 605 4345 ἄθυμον
618 4287 689 4328 cum
707 4267 810 4328 Turn.

299 4370 371 4430 618.
387 4366 580 4452 θεσφάτοισι]
597 4366 758 4448 θεσφάτοις
771 4366 837 4431 duo
855 4367 958 4447 codd,
975 4369 1137 4451 θεσφάτοις
1151 4377 1203 4433 τοῦ
1218 4371 1284 4436 duo
1297 4370 1350 4436 alii

255 4485 286 4535 et
301 4468 384 4533 Rob.
