2978 5062
266 308 309 374 16
683 309 955 373 PRAEFATIO.

265 476 330 552 ε’τεῖ
346 478 524 572 άμφιάραος
541 474 643 556 αῶτοῖς
664 476 882 567 ε’μαντείσατο,
897 473 982 569 μίνον
997 475 1144 571 άδραστον
1168 477 1366 563 σωθήσεσθαι.

266 601 353 665 τοῶτο
379 593 410 664 δὲ
435 591 473 670 ῶς
497 589 556 662 dub
581 599 636 678 τῆς
667 590 802 688 ἱστορίας
831 590 957 676 έλαβεν,
981 590 1026 661 ίτι
1051 588 1144 678 ε’σίνδη
1166 592 1181 662 o‘
1206 590 1366 686 άδραστυς·

266 707 331 780 ἐπεῖ
346 706 430 778 τίθεν
446 701 558 804 ᾔδεσαν
575 704 620 776 ῖτι
639 706 834 795 διαφεύξεται
850 735 859 786 ;
961 730 1015 797 5ο.
1032 713 1134 778 τοῦτον
1155 705 1215 800 γάρ
1232 705 1368 796 ’ἔφασκεν

266 825 280 892 ῖ
296 825 404 914 μάντις
422 823 608 908 σωθήσεσθαι
625 817 710 912 μίνον
724 820 757 892 ε’κ
774 828 826 892 τοῶ
841 820 984 911 πολέμου.
1085 847 1139 912 51.
1162 820 1215 893 οὔκ
1236 817 1368 907 ῖρυέλεος

265 938 314 1010 διδι
331 946 384 1024 τῆς
401 937 543 1031 γλῶττης
560 935 654 1007 αὐτῶν
669 939 771 1033 προῖῶν
787 935 970 1023 άποθηλίνων
985 936 1039 1022 τὴν
1055 937 1156 1032 ὁρμήν.
1224 960 1279 1027 54.
1296 935 1367 1028 μετ’

264 1054 296 1127 οῶ
312 1054 390 1126 πολῶ
407 1055 440 1126 δέ
457 1062 556 1126 ταῦτα
572 1051 673 1151 γνῶσῃ
689 1060 729 1150 τῇ
744 1051 843 1149 πείρᾳ.
866 1049 964 1148 ἡπερῖ
978 1052 1086 1123 τοιίτωυ
1097 1052 1172 1138 σἰκοη
1185 1050 1217 1123 οῶ
1232 1052 1367 1148 βραδέως

264 1171 393 1265 ηέηονεν.
421 1168 503 1263 ταχῶ
528 1168 588 1262 ιγδιρ
613 1166 759 1261 ἤγγειλα.
860 1170 1004 1261 ἡηνῶσις
1022 1165 1074 1237 οῶκ
1092 1165 1134 1246 είς
1151 1166 1271 1260 μακρῶν
1287 1183 1368 1253 πλη-

266 1289 417 1371 σιάζεται.
518 1305 572 1374 55.
602 1283 728 1377 κλήρους
754 1282 813 1378 γὰρ
843 1283 1037 1373 ποιησάμενοι
1066 1278 1140 1378 πρδς
1167 1277 1242 1373 μίαν
1271 1281 1367 1369 πάλην

265 1399 398 1483 ἐδέξαντο
428 1398 457 1470 οῖ
483 1398 560 1468 ἓττδι
592 1396 774 1491 λοχαγέται.
874 1405 929 1488 58.
961 1398 1058 1480 τάξον.
1160 1405 1213 1468 60.
1250 1395 1365 1477 λευκάς.

267 1523 319 1588 62.
333 1510 392 1585 ἇπδ
405 1523 582 1607 μεταφορᾶς
594 1521 649 1583 τῶν
657 1510 775 1585 πλοίων.
829 1512 989 1602 ἀσφαλὴς,
999 1512 1142 1596 βέβαιος.
1204 1522 1257 1606 63.
1270 1544 1367 1585 κατα-

265 1639 390 1702 πνεῶσαι
418 1629 563 1724 σφοδρῶς.
664 1638 716 1719 64.
740 1626 812 1725 πρδς
837 1626 872 1700 τδ
892 1636 1009 1721 πνεῶμα
1033 1626 1184 1722 ἐπήγαγεν
1208 1625 1243 1698 τδ
1272 1635 1364 1720 κῶμα·

264 1743 600 1839 παρακεκινδυνευμένως
629 1744 660 1816 δέ
686 1740 765 1816 εἶπεν
784 1751 868 1834 κῶμα
891 1751 1045 1838 χερσαῖον.
1147 1751 1200 1834 65.
1225 1740 1364 1814 τουτέστι

265 1859 310 1950 μη
345 1859 476 1958 έκπέσῃς
508 1867 561 1930 τοῶ
594 1858 706 1939 δέοντος
740 1867 851 1953 καιροῦ.
995 1867 1048 1929 66.
1085 1858 1212 1943 φίλακα
1249 1861 1364 1938 οῖπλῶς.

266 1983 319 2064 67.
345 1976 497 2064 άσφαλῶς
513 1977 649 2065 φυλάξω.
762 1998 814 2064 70.
840 1973 884 2045 ῖτι
901 1973 942 2045 τῶν
959 1982 1005 2046 νῶν
1021 1972 1057 2045 δι’
1076 1973 1168 2061 αὐτῆς
1185 1982 1364 2046 τελειοῦται.

268 2111 320 2177 72.
337 2088 527 2182 ἐκριζώσητε.
632 2086 698 2160 άντῖ
720 2088 820 2161 τοῖοί
838 2092 996 2186 βάρβαρον
1011 2086 1113 2172 οῶσαν,
1129 2087 1203 2160 ἀλλ’
1219 2087 1366 2175 ἑλληνίδα

266 2200 318 2274 καῖ
335 2203 436 2292 αῖτῆν.
540 2227 591 2297 73.
608 2236 657 2299 γρ.
676 2201 727 2275 καῖ
745 2203 830 2276 ῖλκον
845 2205 948 2302 ῥέοντα
962 2202 1012 2276 καῖ
1030 2202 1147 2297 δίμους.
1251 2226 1303 2296 75.
1319 2205 1365 2296 μη

266 2318 435 2403 ὑπεξελθεῖν
452 2318 538 2414 ζυγῶν
554 2318 702 2400 δουλείας.
822 2329 873 2410 76.
892 2329 1058 2410 κοινωφελῆ
1074 2318 1124 2390 καῖ
1142 2317 1211 2412 ὑμῖν
1226 2317 1277 2390 καῖ
1294 2322 1366 2410 ἡμῖν

264 2433 369 2526 νομίζω
386 2434 496 2528 λέγειν.
602 2443 654 2524 78.
673 2443 771 2527 θρηνῶ,
788 2443 860 2520 βοῶ.
893 2434 1053 2521 εὖττίητον
1069 2435 1101 2507 δὲ
1117 2438 1136 2522 ἦ
1154 2443 1208 2505 τῶν
1223 2435 1366 2530 παρθένων

264 2546 371 2636 ἡλικία
394 2545 467 2642 πρδς
492 2547 601 2637 φίβον,
623 2552 769 2640 μάλιστα
794 2551 825 2622 δὲ
852 2547 924 2645 πρδς
948 2547 1128 2643 πολιορκίαν.
1231 2572 1283 2641 79.
1309 2546 1366 2621 οἷον

267 2664 393 2752 ἀφεῖται
411 2665 425 2733 o‘
442 2661 534 2756 ῖχλος
551 2661 608 2734 άπδ
626 2671 678 2736 τοῦ
701 2664 911 2759 στρατοπέδου.
946 2661 1012 2748 οἷον,
1033 2664 1088 2752 ἤδη
1114 2665 1166 2752 τὴν
1188 2665 1279 2762 ῖρμην
1300 2697 1366 2736 ποι-

266 2786 363 2848 οῶνται
381 2774 429 2850 εἰιῖ
450 2778 503 2865 την
523 2776 609 2850 πάλιν
628 2783 709 2870 ἡμῶν
734 2781 763 2852 οῖ
781 2780 931 2872 πολέμιοι.
957 2787 1059 2851 ταῦτα
1083 2779 1115 2851 δέ
1139 2777 1363 2872 φανταζίμεναι

266 2894 407 2986 λέγουσιν
423 2892 460 2972 ῶς
476 2893 583 2982 ἀληθῆ.
609 2893 642 2965 τδ
665 2896 697 2967 δὲ
716 2928 742 2991 χ
763 2894 834 2991 πρδς
855 2897 908 2982 τὴν
927 2893 1070 2990 διαφορῶν
1087 2902 1138 2966 τοῦ
1165 2902 1295 2988 στρατοῦ
1311 2891 1364 2966 καῖ

266 3015 318 3079 τοῦ
343 3010 552 3104 στρατοπέδου·
582 3009 778 3106 στρατίτεδον
802 3011 862 3106 γδιρ
885 3019 1025 3081 καλεῖται
1051 3007 1085 3081 τδ
1111 3009 1287 3102 ἐνδιαίτημα
1312 3019 1364 3083 τοῦ

267 3131 408 3218 στρατοῶ.
510 3131 561 3195 80.
588 3123 682 3204 πολῶς
704 3124 865 3219 ἔμπροσθεν
895 3122 968 3204 λαδς
994 3122 1133 3212 ῖτπίτης.
1162 3127 1363 3215 φαντάζονται

266 3238 412 3311 δὲταῦτα
428 3240 538 3310 πάντα.
563 3232 678 3334 αίθερία
694 3239 724 3310 δέ
742 3236 818 3319 κίνις
835 3243 854 3328 ἡ
871 3240 949 3328 αὕτη
966 3240 1105 3335 αίρομένη
1123 3239 1165 3320 είς
1184 3237 1234 3311 τῶν
1249 3239 1362 3336 αίθέρα,

261 3354 361 3428 καίτοι
381 3355 494 3442 άφοννος
517 3351 593 3426 οῶσα
619 3354 743 3450 ἐναργής
769 3355 853 3426 ε’στιν
877 3351 976 3451 ῶσπερ
1001 3355 1134 3450 ἅγγελος
1159 3353 1212 3426 καῖ
1236 3356 1361 3443 άληθῆς.

266 3479 318 3542 81.
335 3474 355 3558 ἡ
371 3471 463 3566 μέχρι
480 3480 532 3543 τοῶ
548 3472 660 3567 αίθέρος
677 3469 801 3559 ἥκουσα.
879 3479 932 3544 82.
950 3470 1063 3560 άφωνος
1081 3471 1136 3564 μέν
1151 3468 1238 3555 οῶσα,
1257 3480 1363 3560 σαφῶς

266 3585 297 3656 δὲ
314 3586 500 3678 οἷγέλλουσα.
601 3593 654 3678 85.
680 3582 732 3656 καῖ
758 3586 798 3657 τῶ
822 3595 878 3674 τῆς
902 3595 961 3680 γῆς
982 3586 1015 3657 δέ
1031 3619 1088 3679 μου
1103 3584 1194 3659 πεδία
1209 3618 1363 3658 κατακτυ·

264 3699 397 3790 ποίμευα
425 3709 488 3778 τοῖς
512 3698 584 3772 ποσῖ
610 3708 667 3770 τῶν
692 3695 784 3772 ῖπτων
808 3697 859 3771 καῖ
882 3710 937 3771 τῶν
960 3698 1055 3772 ίπλων
1076 3711 1160 3774 ποιεῖ
1183 3734 1242 3795 μου
1269 3734 1364 3796 προσ·

264 3818 403 3903 πελάζειν
419 3814 468 3887 τῶν
484 3812 557 3910 ἦχον
575 3824 636 3895 τοῖς
653 3814 732 3886 ῶσίν.
839 3815 1015 3908 [έλεδεμυδις
1031 3814 1050 3904 ἢ
1067 3814 1100 3886 τδ
1118 3817 1211 3908 δέμας
1228 3821 1309 3909 ἡμεῖς
1322 3825 1363 3914 τῷ

264 3929 356 4027 φίβιρ
382 3933 586 4024 λαμβάνουσα
610 3928 629 4018 ἢ
655 3932 855 4026 ταράττουσα·
894 3928 913 4018 ἢ
939 3930 1097 4023 έλεδεμνδις
1123 3935 1142 4019 ἡ
1167 3933 1280 4004 ἑλοῦσα
1305 3931 1364 4004 άπδ

264 4054 319 4115 τῶν
337 4046 465 4137 δεμνίων.
488 4074 509 4118 a
526 4072 631 4119 manu
648 4045 861 4137 recentiora]
968 4054 1020 4134 84.
1038 4045 1103 4140 ῖχει
1118 4047 1150 4119 δέ
1163 4044 1244 4138 φησί
1261 4047 1365 4143 τρίτον

264 4170 403 4251 ποταμῶν
428 4162 469 4233 τῶ
493 4162 581 4235 πεδίον
604 4172 658 4247 τῆς
678 4171 736 4256 γῆς
752 4195 819 4255 μου.
923 4171 975 4255 85.
993 4171 1045 4234 τοῶ
1061 4161 1113 4234 καῖ
1130 4161 1180 4258 ῖρη
1194 4163 1360 4261 ρἠηνίντος.

266 4288 316 4364 87.
334 4275 543 4364 άποστησατε.
647 4285 699 4367 89.
716 4276 797 4369 μετδι
814 4286 900 4364 βοῆς.
999 4279 1152 4376 [ὑπεράνω.
1169 4305 1191 4350 a
1207 4305 1254 4351 m.
1273 4284 1357 4372 rest]

265 4415 318 4483 95.
334 4388 454 4486 πίτερον
475 4391 651 4488 πρίσφυγες
674 4401 729 4463 τῶν
745 4391 884 4490 πατρῴων
900 4396 1004 4476 ξοάνων
1019 4394 1165 4489 ’γενίμεθα
1184 4394 1204 4483 ἢ
1227 4397 1305 4468 άλλο
1331 4429 1362 4468 τι
