2978 5062
533 316 602 378 AD
624 316 983 383 PROMETHEUM.
1263 319 1306 384 87

206 479 319 545 oblatae
342 480 501 559 tribuitur,
518 481 653 547 Ovidius
673 483 733 569 ipsi
753 483 828 548 Jovi
850 482 1018 569 assignavit
1035 483 1167 547 Metam.
1187 503 1214 559 t,
1229 483 1303 567 589.

208 606 281 668 seqq
341 670 477 746 Viderat,
492 690 513 730 a
522 671 633 754 patrio
647 670 826 735 redeuntem
840 672 972 756 Jupiter
986 670 1025 731 Io

335 771 493 844 θὐίτπίυσ,
509 781 552 848 et,
570 772 598 835 0
613 773 709 858 uirgo
722 773 804 837 «Ιουσ
818 773 921 860 digno
935 780 1047 859 tuoque
1061 771 1184 834 beatam

334 871 450 936 Nescio
462 893 553 959 ουτοι
553 873 696 956 factura
712 881 790 952 toro,
800 883 884 960 pete,
898 873 1037 947 άάυσυοθ,
1052 871 1181 936 umbrat
1230 909 1232 913 ·

333 973 480 1036 Altonum
490 995 664 1052 nemorum,
676 976 721 1056 (et
735 995 897 1039 nemorum
911 981 1144 1038 monstraverat
1157 975 1301 1057 umbrat)

336 1075 424 1138 Dum
438 1076 528 1154 colet,
543 1085 573 1140 et
587 1076 687 1141 medio
701 1077 748 1140 tot
760 1085 807 1140 est
821 1077 997 1141 υίίὶςσίυιυσ
1010 1075 1093 1138 orbe.

335 1176 426 1251 Quod
438 1179 468 1241 ti
482 1177 549 1241 κοῖα
564 1178 653 1241 timet
667 1177 805 1241 lotebaao
818 1179 944 1241 intrare
943 1176 1101 1261 firaram

333 1276 478 1342 Pretiae
490 1287 561 1343 tuta
574 1279 631 1342 deo
645 1300 807 1343 aemorum
820 1289 939 1343 secreta
952 1278 1084 1355 motat,

332 1378 401 1442 Nec
415 1379 453 1442 de
462 1379 551 1465 plebe
565 1380 630 1455 deo,
645 1379 700 1443 sed
713 1381 769 1466 qui
782 1379 918 1444 calcatio
935 1400 1054 1465 magna

331 1481 463 1568 Sceptra
477 1503 575 1545 manu
590 1490 687 1558 teneo,
702 1481 757 1545 ted
769 1483 825 1568 qui
840 1481 1080 1568 vagofittmina
1095 1482 1192 1545 mitta

332 1583 384 1646 Ne
384 1583 478 1670 fingo
492 1604 549 1647 me.
594 1620 638 1630 -
682 1619 724 1630 —
767 1619 810 1631 —
855 1582 955 1647 SCH.

245 1694 319 1775 ⁶57·
342 1693 515 1777 νυκτίφοιτ’]
543 1691 748 1756 Scribendum
773 1691 941 1774 νυκτίφαντ’
963 1715 1002 1757 ex
1026 1693 1077 1758 M.
1095 1692 1180 1757 Rob.
1227 1694 1300 1757 Hoc

200 1791 355 1880 adjectivo
378 1797 479 1860 utitur
500 1793 673 1881 Euripides
696 1794 771 1859 Hel.
787 1809 863 1878 570.
878 1795 914 1859 οὔ
933 1797 1131 1876 νυκτίφαντον
1145 1796 1300 1876 πρόπολον

199 1891 337 1963 Ἐνοδίας
356 1895 385 1976 μ’
408 1898 489 1981 ὁρᾷς.
512 1899 698 1978 νυκτίφοιτος
720 1919 759 1959 ex
788 1895 908 1983 Synesii
933 1895 1053 1982 hymno
1075 1915 1104 1970 ι,
1122 1916 1153 1980 3,
1176 1919 1206 1983 p.
1223 1897 1298 1981 316.

200 1994 348 2061 indicavit
362 1996 543 2062 Lobeckius
557 1997 598 2063 ad
615 1996 789 2084 Phrynich.
805 2020 837 2084 p.
855 2000 928 2062 686.

244 2099 318 2182 658.
334 2101 495 2184 Δοδάνῃς]
514 2101 664 2180 Δαδάνηυ
679 2102 784 2163 Turn.
828 2098 943 2163 Melior
957 2113 1005 2162 est
1021 2098 1119 2163 altera
1133 2099 1297 2185 scriptura.

200 2199 254 2263 Ita
267 2201 381 2286 Eurip.
397 2201 622 2286 Electr.1343.
638 2203 732 2284 στεῖχ’
748 2198 793 2264 ἐπ’
808 2199 951 2280 Ἀθηνῶν.

241 2301 379 2386 πυκνοὺς]
394 2303 523 2385 συχνοὺς
537 2305 597 2366 Ar.
612 2319 644 2367 et
660 2303 759 2366 MSS.
775 2302 911 2366 Thomae
927 2302 977 2365 M.
994 2324 1018 2364 s.
1030 2325 1060 2365 v.
1077 2303 1268 2383 θεοπρόπους.

243 2404 315 2486 659.
330 2405 453 2488 ἴαλλεν]
470 2407 557 2471 ίαλευ
573 2404 682 2470 Guelf.
698 2403 776 2468 ΑΜ.
793 2402 877 2467 Rob.
892 2418 924 2467 et
940 2403 1057 2466 Thom.
1075 2403 1124 2466 M.

240 2505 330 2583 μάθοι
352 2508 455 2571 Turn.
479 2524 511 2573 et
533 2532 605 2596 pars
626 2508 778 2573 codicum.
801 2506 880 2593 μάθῃ
895 2507 981 2570 A.B.
996 2506 1113 2593 aliique
1130 2529 1202 2570 cum
1218 2506 1297 2573 Ald.

241 2710 314 2773 660.
329 2711 479 2790 πράσσειν
495 2712 544 2776 Μ.
561 2729 592 2776 et
607 2711 854 2798 superscriptum
867 2711 899 2773 iu
916 2712 954 2775 Β.
1001 2711 1105 2797 Vulgo
1120 2711 1269 2793 πράττειν.

240 2821 332 2904 φίλοι]
349 2822 442 2901 φίλον
456 2819 577 2907 aliquot
591 2821 686 2886 codd.
702 2809 799 2903 φίλιίς
814 2821 863 2885 M.

241 2922 315 2985 662.
329 2921 461 3001 ὰσήμους
477 2924 526 2986 Μ.
542 2921 666 3010 aliique.
713 2923 816 3009 Vulgo
830 2924 961 3003 άσήμας.

240 3023 313 3106 663.
328 3021 415 3102 βάξις
428 3022 535 3108 ἦλθεν]
554 3025 629 3104 ἦλθε
643 3024 730 3105 βάξις
744 3023 864 3111 aliquot
878 3024 969 3089 codd.

239 3126 314 3188 666.
340 3123 504 3191 Heliodor.
520 3128 665 3214 AEthiop.
681 3130 711 3191 6.
729 3149 836 3191 versus
850 3128 903 3192 flu.
920 3129 979 3191 Kal
998 3132 1109 3202 πᾶσαν,
1130 3131 1169 3196 ὥς
1189 3133 1295 3208 εἰπεῖν,

196 3225 344 3306 ἐρομένου
369 3227 450 3295 τινὸς
472 3231 521 3293 ἐπὶ
545 3234 602 3311 γῆν
627 3233 730 3294 ἕνεκεν
753 3228 918 3309 ἀλωμένου.
952 3227 975 3313 ᾧ
997 3233 1074 3308 μετὰ
1097 3233 1216 3311 μυρίους
1238 3234 1296 3310 μὲν

194 3329 332 3409 μόχθους,
344 3330 463 3409 μυρίους
477 3333 509 3393 tt
525 3332 686 3409 κινδύνους,
698 3335 751 3413 γῆς
766 3328 810 3395 ἐπ’
824 3329 964 3412 ἐσχάτοις
977 3332 1066 3411 ὅροις,
1083 3332 1158 3414 τύχᾳ
1172 3336 1295 3415 λαμπρᾷ

195 3429 244 3492 καὶ
272 3435 416 3518 βασιλικῇ
442 3433 654 3512 συμβιάσετοι.
689 3432 744 3496 ubi
773 3431 866 3519 plane
895 3431 979 3495 hunc
1005 3454 1129 3495 versum
1158 3432 1293 3519 respicit.

195 3530 341 3617 Euripid.
358 3533 449 3597 Med.
463 3553 538 3617 540.
553 3538 608 3616 γῆς
623 3534 669 3599 ἐπ’
686 3537 824 3619 ἐσχάτοις
833 3533 975 3616 Ὅροισιν
989 3533 1083 3620 ᾤκεις.
1101 3535 1276 3601 BLOMF.

237 3633 311 3712 667.
326 3633 423 3718 θέλοι]
440 3634 530 3698 Libri
544 3635 664 3721 aliquot
679 3636 753 3723 θέλῃ
768 3637 817 3700 vel
833 3635 925 3700 θέλει.

236 3736 387 3821 πυρωπὸν]
402 3738 538 3819 πυρωπὸν
553 3738 603 3802 Μ.

236 3837 310 3901 668.
326 3840 503 3917 ἐξαϊστώσοι
519 3838 734 3905 Blomfieldus.
780 3840 963 3927 Legebutur
978 3842 1164 3919 ἑξαϊστιάσει.

236 3939 336 4025 γένος]
354 3940 444 4020 μένος
460 3942 510 4005 Μ.

235 4043 309 4124 670.
325 4042 516 4128 κάπέκλεισε]
532 4043 737 4108 Scribendum
755 4044 936 4129 κάπέκλῃσε.

235 4145 308 4226 674.
335 4145 485 4232 κεράστις]
511 4145 716 4209 scribendum
741 4145 888 4226 κεραστὶς,
910 4164 1003 4229 quem
1027 4157 1189 4208 accentum
1212 4168 1292 4232 prae·

189 4245 266 4330 cipit
280 4246 439 4311 Arcadius
452 4268 484 4332 p.
499 4267 554 4332 35,
570 4267 620 4330 19.

233 4351 307 4431 676.
326 4347 508 4432 Κερχνείας]
527 4351 692 4433 Κεγχρείας
706 4349 832 4412 Α.Β.Ε.
852 4346 984 4411 Vindob.
1006 4358 1158 4431 quattuor
1176 4346 1292 4433 aliique

189 4449 334 4515 nonnulli
349 4466 381 4516 et
397 4450 475 4515 Ald.
492 4451 575 4515 Rob.
