2978 5062
550 365 619 428 AD
641 365 830 430 PERSAS.
1176 367 1241 430 885

141 528 194 609 98.
216 527 256 592 ad
276 529 379 592 looum
402 530 625 617 Xenophontis
648 532 753 597 Anab.
778 552 808 610 1,
824 549 857 616 5,
881 549 929 617 15.
954 535 1010 598 σὺν
1029 539 1091 601 τοῖς
1113 537 1241 615 παροῦσι

141 633 202 692 τῶν
214 636 339 694 πιστῶν.
364 631 539 695 BLOMF.

183 749 214 814 3.
230 732 363 816 ἀφνεῶν]
379 734 512 815 ἀφνειῶν
527 750 589 798 tres
603 735 695 801 oodd.

184 833 232 896 καί
246 835 328 919 πολ]
344 842 402 900 τῶν
416 846 486 901 πολ.
503 838 592 924 LipS.
609 838 693 903 Rob.

183 939 382 1020 πολυχρύσων
408 937 550 1023 ἑδράνων]
574 939 695 1004 Urbem
722 941 803 1004 Susa
829 939 976 1025 intellige,
1000 939 1054 1003 ubi
1078 939 1147 1004 haeo
1171 954 1241 1005 aeta

142 1058 207 1100 esse
221 1053 384 1123 putantur.
418 1041 457 1103 In
474 1063 519 1118 ea,
535 1041 688 1127 superatis
701 1042 818 1119 Medis,
833 1044 940 1128 Cyrus
953 1057 986 1106 et
1001 1044 1107 1107 Persae
1122 1042 1240 1128 regiam

142 1137 391 1216 mllooaverunt3
416 1142 530 1206 Strabo
547 1161 597 1228 15.
613 1165 643 1228 p.
660 1157 734 1224 727·
748 1141 897 1209 Ἐνταῦθα
919 1145 1022 1209 ἔθεντο
1045 1144 1079 1208 τὸ
1102 1149 1152 1224 τῆς
1171 1146 1241 1227 ἦγε·

140 1243 246 1320 μανίας
258 1245 431 1322 βασίλειον,
446 1266 541 1328 quam
565 1244 700 1308 maxime
721 1261 960 1310 exornaverunt.
1006 1246 1098 1310 Idem
1117 1269 1150 1333 p.
1167 1247 1241 1327 728.

143 1343 356 1424 Κοσμήσαντες
380 1347 413 1408 δὲ
438 1348 475 1409 τὰ
500 1347 533 1409 ἐν
562 1347 689 1413 Σούσοις
716 1349 863 1426 βασίλεια
885 1347 1018 1427 μάλιστα
1042 1353 1102 1411 τῶν
1126 1349 1239 1412 ἄλλων.

142 1445 254 1532 Neque
269 1447 355 1533 regia
376 1462 498 1512 tantum
521 1447 576 1511 sed
597 1447 801 1534 pecuniarum
824 1449 962 1512 thesauri
981 1449 1033 1513 hio
1052 1465 1141 1514 erant
1162 1449 1241 1513 adeo

142 1546 291 1628 immensi,
307 1565 343 1615 ut
356 1552 557 1637 Aristagoras
571 1551 745 1631 Cleomeni,
761 1553 785 1615 si
801 1551 883 1616 hano
902 1552 1011 1616 urbem
1035 1552 1160 1640 ceperit,
1178 1554 1241 1617 La-

141 1650 345 1717 cedaemonios
359 1676 432 1718 oum
447 1654 531 1717 Jove
544 1654 585 1718 de
597 1653 714 1718 divitiis
736 1667 854 1719 certare
877 1677 965 1740 posse
979 1653 1111 1718 dixerit:
1137 1654 1241 1717 Hero-

139 1752 204 1817 dot.
220 1773 252 1838 5,
267 1775 319 1838 49.
344 1757 511 1820 STANL.

186 1856 215 1919 6.
237 1858 448 1942 Δαρειογενὴς]
472 1858 636 1922 Glossema
650 1861 780 1940 Δαρείου
794 1859 856 1926 υίὸς
870 1858 970 1922 textui
981 1857 1103 1922 illatum
1118 1856 1241 1921 addunt

142 1956 194 2020 M.
218 1972 250 2021 et
272 1970 390 2043 septem
415 1958 467 2021 alii
495 1981 567 2023 oum
590 1957 669 2022 Ald.
695 1961 819 2023 Turn:
842 1959 964 2045 primus
986 1959 1077 2045 ejeoit
1101 1959 1183 2022 Rob.
1209 1973 1241 2021 et

143 2057 251 2140 Steph.
267 2057 329 2125 υίὸς
344 2061 474 2140 Δαρείου
487 2074 534 2124 est
548 2061 580 2124 in
596 2059 698 2124 tribus
711 2059 779 2123 aliis
792 2059 895 2136 codd,
910 2059 1010 2122 solum
1025 2059 1089 2126 υίὸς
1104 2059 1134 2120 in
1152 2061 1193 2122 F.

185 2177 216 2239 7.
242 2160 340 2223 εἵλετο
362 2162 462 2242 χώρας
487 2161 655 2245 ἐφορεύειν]
683 2160 787 2225 Aliter
811 2160 995 2225 Herodotus
1021 2177 1051 2243 7,
1074 2177 1126 2244 52.
1154 2159 1240 2246 apud

141 2283 235 2346 quem
261 2262 386 2326 Xerxes
407 2263 464 2326 soli
483 2264 649 2328 Artabano
670 2262 834 2348 imperinm
859 2262 1035 2340 committit,
1052 2261 1100 2324 his
1119 2260 1238 2326 verbis:

142 2370 221 2439 Σῶζε
241 2365 324 2429 οἶκόν
344 2392 377 2430 τε
396 2366 449 2430 τὸν
470 2367 552 2446 ἐμὸν,
572 2368 620 2430 καὶ
643 2368 810 2447 τυραννίδα.
822 2367 876 2445 τὴν
898 2364 980 2445 ἐμήν.
1026 2365 1080 2428 Σοὶ
1101 2367 1159 2446 γὰρ
1181 2367 1241 2446 ἐγὼ

141 2469 239 2551 μούνῳ
255 2469 288 2531 ἐκ
303 2467 423 2532 πάντων
438 2473 571 2549 σκῆπτρα
585 2472 623 2532 τᾶ
637 2471 694 2547 ἐμὰ
708 2470 866 2548 ἐπιτραπῶ.
912 2467 992 2543 Quoe
1006 2465 1131 2530 looutus
1144 2468 1240 2531 Arta·

142 2570 257 2633 barrum
276 2572 355 2634 Susa
369 2571 495 2636 dimisit.
519 2572 689 2635 STANL.

185 2692 215 2752 9.
237 2674 439 2758 πολυχρύσου]
462 2675 670 2757 πολυχρύσους
686 2671 734 2734 Μ.
769 2672 977 2753 πολυχρύσους
993 2672 1130 2751 πρασιὰς
1144 2692 1184 2732 ex
1198 2671 1239 2733 L.

141 2775 302 2837 annotavit
317 2775 473 2839 Faehsius.

188 2895 235 2939 10.
259 2879 482 2963 ὀρσολοπεῖται]
502 2882 713 2961 ὀρσοπολεῖται
731 2876 816 2939 ΑΒ.
832 2873 946 2960 aliique
966 2873 1056 2938 multi
1072 2897 1144 2938 oum
1161 2873 1239 2938 Ald.

143 2978 226 3043 Rob.
242 2980 346 3044 Turn.
363 2981 507 3046 Correxit
531 2981 641 3067 Steph.
681 2978 822 3064 Hesyoh.
836 2976 1078 3058 Ὀρσολοπεῖται.
1101 2982 1257 3041 ansolo·

140 3086 246 3157 μεῖται,
262 3081 454 3161 ταράσσεται.
478 3085 639 3167 Αἰσχύλος.
663 3084 793 3145 Homer.
812 3081 857 3142 H.
872 3079 904 3141 in
926 3080 1027 3142 Mero.
1042 3081 1117 3164 308.
1135 3077 1179 3142 Ἦ
1201 3103 1240 3158 με

141 3188 223 3260 βοῶν
245 3182 324 3266 ἕνεχ’
348 3185 404 3248 ῶδε
422 3187 606 3266 χολούμενος
628 3183 857 3263 ὀρσολοπεύειςς
882 3183 981 3245 Poeta
1003 3179 1239 3243 Alexandrinus

140 3286 207 3365 περὶ
230 3293 385 3368 καταρχῶν
406 3303 479 3368 107.
502 3309 521 3349 a
543 3283 735 3349 Ruhnkenio
754 3281 913 3358 laudatus,
936 3283 996 3345 αίεί
1014 3306 1046 3344 κε
1069 3279 1241 3359 πανήμερον

140 3388 338 3467 ὀρσολοπεύοι
360 3390 454 3471 ardeo
476 3387 617 3471 ὀνειδείῳ,
633 3383 652 3464 ἢ
667 3385 714 3447 καὶ
729 3387 881 3464 πληγῇσιν
896 3381 1005 3446 ίᾶπτοι.
1043 3382 1135 3443 Mars
1151 3402 1239 3442 voca-

141 3503 193 3550 tur
207 3490 375 3568 ὀρσόλαπος
390 3486 581 3550 Anacreonti
596 3508 646 3572 ap.
664 3484 831 3570 Hephaest.
847 3507 878 3570 p.
895 3504 947 3567 90.
973 3480 1115 3559 Photius,
1130 3479 1239 3561 Ὀρσο-

138 3597 255 3654 λοπεῖν.
277 3597 437 3672 λοιδορεῖν,
451 3595 606 3668 πολεμεῖν.
632 3588 806 3651 BLOMF.

187 3712 235 3756 12.
251 3690 476 3776 Ἀσιατογενὴς]
491 3689 698 3771 Ἀσιατιγενῆς
714 3689 817 3751 Turn.

186 3813 234 3877 13.
250 3793 365 3878 ᾤχωκε]
382 3796 489 3875 οἴχωκε
505 3793 555 3855 Μ.
571 3790 656 3855 Rob.
674 3789 785 3877 Steph.

182 3895 253 3957 νέον
268 3896 293 3957 δ’
309 3897 402 3976 ἄνδρα
415 3893 531 3979 βαύζει]
555 3897 655 3959 Recte
676 3892 828 3956 intellexit
844 3891 1019 3965 scholiasta,
1034 3891 1099 3968 ἤτοι
1114 3891 1239 3968 νεότητα

138 3999 240 4058 πᾶσαν
254 4002 313 4058 τῶν
325 4002 453 4076 Περσῶν
468 3997 661 4059 ἀνακαλεῖται
675 3997 694 4074 ἡ
707 3994 808 4058 Ἀσία.
853 3994 942 4057 Asiae
961 3991 1044 4055 enim
1068 4013 1179 4053 nomen
1198 4012 1239 4053 ex

137 4096 292 4177 adjectivo
305 4095 518 4176 Ἀσιατογενής
532 4110 579 4158 est
594 4094 810 4180 repetendum.
855 4097 1003 4158 Ceterum
1019 4091 1051 4177 in
1066 4089 1153 4154 libris
1168 4091 1238 4176 qui-

139 4197 270 4259 busdam
291 4197 412 4282 ᾤχωκευ
428 4197 479 4260 ἑὸν
498 4197 648 4283 seriptum
672 4195 734 4260 fuir
750 4195 866 4276 vitiose,
882 4196 921 4260 de
935 4218 1001 4282 quo
1015 4194 1112 4258 schol.
1127 4194 1238 4276 γράφε-

138 4325 186 4361 ται
202 4300 233 4362 dl
250 4299 298 4362 καί
313 4298 374 4372 ἑὸν,
390 4300 455 4378 ἤτοι
468 4298 522 4362 τὸν
534 4301 610 4361 ἴδιον
625 4299 729 4379 ἄνδρα.

184 4421 232 4480 14.
250 4401 353 4468 ἱππεὺς
367 4400 407 4463 de
422 4399 563 4482 ἀγγύραις
577 4398 637 4463 illis
651 4422 675 4464 s.
691 4396 859 4462 veredariis
873 4396 1007 4484 publiois
1022 4398 1140 4485 aoaipio
1150 4399 1235 4486 apud

641 4524 661 4565 ο
676 4520 734 4587 ga
