2978 5062
255 347 298 412 64
617 347 996 411 ANNOTATIONES

250 510 360 585 Ἀτλα,
377 514 425 575 καὶ
438 518 582 592 μαρτυρεῖ
593 511 627 575 τὸ
641 512 850 594 Ἀτλαγενέων
867 514 965 599 (apud
983 513 1114 577 Heaiod.
1131 515 1193 598 Op.
1209 513 1311 596 381.)·
1327 516 1356 577 οἱ

252 614 364 676 πολλοὶ
378 614 410 675 δέ
425 614 604 694 ἀγνοοῦντες
619 615 748 677 ἐνταῦθα
758 613 914 678 Ἀτλαντα
933 615 1086 696 λέγουσιν,
1103 615 1155 677 οὐκ
1178 617 1289 680 εἰδότες
1310 616 1356 678 ότι

253 715 288 778 τὸ
308 713 334 779 θ’
350 740 382 779 τε
401 716 494 779 ἐστίν.
517 714 536 792 ἣ
556 715 590 778 τὸ
605 721 720 780 Τιτᾶνα
738 717 779 796 μὴ
802 716 966 797 έκληπτέον
986 719 1029 783 είς
1050 717 1104 780 τόν
1116 721 1258 795 Τυφῶνα,
1275 718 1356 780 ἀλλὰ

253 815 422 880 συναπτέον
434 817 509 897 πρὸς
530 817 584 879 τὸν
595 816 762 897 Ἀτλαντα,
778 820 826 881 καὶ
845 821 937 885 οὕτως
957 818 1010 881 αι’νκ
1029 804 1075 881 άν-
1082 817 1117 880 τὸ
1131 816 1158 881 θ
1175 818 1242 881 duri
1255 823 1309 880 τοῦ
1322 842 1356 881 τε

253 920 353 994 εἴποις,
371 919 453 981 ἀλλὰ
464 916 627 982 Ἀτλαντα.
665 919 758 983 Dixit
775 919 816 983 de
838 920 897 983 hac
916 919 1085 984 accusativi
1107 918 1209 982 forma
1224 917 1352 981 Choero

253 1019 365 1083 boscus
386 1019 417 1082 in
441 1018 575 1082 Bekkeri
592 1020 716 1083 Anecd.
735 1043 764 1105 p.
784 1022 875 1104 1183.
890 1020 1037 1103 λέγουσιν
1052 1023 1081 1083 oi
1098 1021 1215 1098 ποιηταὶ
1235 1020 1353 1082 πολλά-

253 1145 297 1186 κις
312 1123 328 1183 ό
345 1123 419 1187 Αίας
429 1126 481 1184 τοῦ
498 1124 557 1185 Ata
571 1122 619 1184 καὶ
634 1124 651 1184 ό
668 1123 768 1203 Δρόας
781 1126 833 1184 τοῦ
848 1123 933 1203 Δρόα
948 1123 997 1185 καὶ
1011 1124 1028 1184 ό
1044 1123 1128 1186 Θόας
1149 1125 1201 1183 τοῦ
1217 1122 1296 1193 Θόα,
1313 1122 1353 1186 ὣς

252 1222 320 1303 παρ’
336 1221 470 1307 Ἡσιόδῳ
494 1224 546 1302 “vi
568 1226 600 1287 δὲ
616 1225 704 1287 Θόαν
724 1224 811 1288 τέκεν
831 1223 914 1288 oto?
939 1226 987 1288 καὶ
1008 1221 1075 1303 παρ’
1091 1223 1221 1305 Ἀλκαίῳ
1242 1229 1264 1259 “
1276 1225 1353 1286 Αίαν

253 1325 307 1388 τὸν
320 1325 473 1404 όριστον.”
495 1328 524 1388 οἱ
539 1328 596 1407 γάρ
615 1327 734 1402 ποιηταὶ
751 1324 848 1409 μίτρῳ
863 1326 1055 1390 δουλεύοντες
1076 1322 1222 1389 πολλάκις
1236 1327 1285 1386 διὰ
1299 1324 1353 1401 τὴν

255 1427 387 1507 άνάγκην
401 1430 454 1488 τοῦ
467 1425 575 1509 μέτρον
590 1429 812 1506 παραβαίνουσι
826 1427 880 1489 τὸν
894 1428 1015 1490 κανόνα.

295 1544 372 1609 429.
394 1525 543 1608 ὑπέροχον
566 1528 779 1591 Hermaunus.
821 1527 911 1591 Libri
934 1529 1103 1609 ὑπείροχον.
1141 1528 1258 1590 Forma
1280 1529 1350 1591 Ηο-

254 1626 368 1690 merica
380 1626 421 1690 ab
437 1626 567 1690 librariis
581 1626 677 1707 iliata,
693 1642 727 1691 ut
744 1627 775 1691 iu
793 1627 956 1714 Sophoclis
971 1628 1119 1692 Trachin.
1136 1630 1229 1711 1096.

295 1749 370 1813 430.
386 1728 495 1796 σθένος
510 1730 649 1810 κραταιὸν
663 1729 800 1811 οὐράνιόν
810 1755 843 1794 τε
857 1727 970 1813 πόλον]
985 1728 1190 1793 Manifestum
1202 1744 1248 1792 est
1260 1743 1351 1793 terrae

253 1851 365 1892 nomen
380 1829 556 1894 desiderari.
604 1830 809 1894 Scribcndum
824 1830 974 1913 ὑπέροχον
988 1829 1096 1898 σθένος
1115 1833 1254 1912 κραταιὸν
1273 1830 1278 1914 Ι
1297 1834 1351 1911 γᾶς

254 1930 392 2011 οὐράνιόν
406 1956 439 1995 τε
453 1929 560 1996 πόλον.

298 2032 411 2118 νότοις]
427 2033 516 2112 όμαις
529 2033 611 2098 dixit
626 2057 655 2098 v.
672 2036 748 2118 348.

425 2134 643 2209 -Ἀτλαντος,
660 2135 781 2217 ὅςπρὸς
796 2135 941 2217 ἑσπέρους
956 2133 1063 2200 τόπους

425 2237 532 2316 ἕστηκε
548 2235 618 2300 κίον’
635 2238 762 2316 οὐρανοῦ
776 2261 809 2300 τε
824 2237 873 2299 καί
886 2236 996 2319 χθονὸς

425 2337 514 2415 ὤμοις
528 2339 648 2418 έρεῶων
662 2337 756 2417 άχθος
770 2335 822 2398 οὐκ
838 2334 1013 2415 εὐάγκαλον.

253 2451 422 2515 δισσοῖσιν
440 2454 559 2517 variant
582 2465 683 2540 poetae
705 2453 736 2515 in
759 2467 842 2516 statu
859 2452 999 2516 Atlantis
1019 2453 1232 2532 describendo,
1249 2470 1284 2518 ut
1298 2456 1349 2519 aiii

252 2550 362 2635 capite,
377 2551 428 2614 olii
443 2551 592 2629 humeris,
606 2551 657 2614 aiii
673 2550 766 2613 dorso
780 2550 893 2614 coelum
904 2550 945 2614 ab
959 2573 997 2614 eo
1012 2550 1112 2613 fulciri
1130 2551 1261 2615 tradant.
1305 2555 1350 2615 Et

255 2652 415 2714 Homerus
439 2651 566 2736 quidem
594 2650 773 2737 simpliciter
802 2651 888 2716 nulia
913 2667 1002 2738 parte
1026 2651 1164 2736 corporis
1192 2651 1350 2715 nominata

253 2752 369 2838 Odyss.
387 2759 424 2827 Α,
440 2767 491 2835 53.

506 2852 596 2935 Ἔχει
610 2853 644 2916 δέ
657 2879 689 2917 τε
706 2858 805 2921 κίονας
820 2855 907 2921 αὐτὸς

337 2957 451 3034 μακρὰς
466 2957 497 3017 αἱ
512 2954 601 3034 γαῖάν
615 2979 648 3018 τε
663 2957 711 3018 καὶ
726 2955 853 3035 οὐρανὸν
868 2956 960 3035 ἀμφὶς
974 2953 1089 3036 έχουσι.

255 3070 415 3134 Hesiodus
428 3071 529 3157 capite
543 3086 574 3135 et
589 3073 733 3136 manibus
748 3072 871 3157 Theog.
888 3088 981 3155 517.:

335 3187 450 3256 Ἀτλας
464 3188 488 3253 δ’
503 3191 631 3271 οὐρανὸν
647 3190 732 3270 εὐρὺν
748 3189 812 3270 ἔχει
827 3192 967 3268 κρατερῆς
980 3188 1028 3251 ὑπ’
1044 3191 1172 3272 ἀνάγκης

337 3292 476 3371 πείρασιν
492 3293 526 3354 έν
541 3292 635 3372 γαίης,
651 3288 768 3371 πρόπαρ
782 3285 969 3369 Ἐσπερίδων
983 3293 1162 3371 λιγυφώνων

338 3393 459 3468 ἑστηὼς,
476 3395 594 3478 κεφαλῇ
609 3417 642 3454 τε
657 3392 705 3454 καὶ
719 3387 894 3466 θκαμάτοισι
908 3388 1043 3471 χέρεσσι.

252 3506 399 3593 Euripidi
415 3531 488 3571 vero
502 3507 618 3571 dicitur
635 3510 704 3570 Ion.
720 3525 749 3567 1.

333 3607 448 3676 Ἀτλας
462 3612 479 3671 ό
494 3607 653 3692 χαλκέοισι
667 3608 768 3671 νότοις
783 3605 909 3685 οὐρανὸν

332 3716 408 3774 θεῶν
421 3710 552 3774 παλαιὸν
566 3708 648 3771 οἶκον
662 3708 815 3788 ἐκτρίβων.

253 3826 303 3890 Sic
325 3829 417 3893 etiam
441 3827 568 3914 ignotus
590 3837 700 3887 auctor
728 3821 965 3903 versiculorum,
990 3849 1071 3912 quos
1093 3826 1124 3890 in
1151 3828 1219 3892 ood.
1244 3829 1346 3893 Viteb.

250 3929 427 3994 scholiastes
441 3928 481 3993 ad
505 3927 588 3989 huno
603 3922 760 4010 AEschyti,
775 3946 868 4009 quem
885 3937 1065 4005 tractamus,
1080 3929 1180 3992 locum
1197 3929 1347 4008 laudavit,

250 4029 378 4117 quique,
402 4031 457 4095 sed
477 4027 597 4114 aliquot
620 4023 693 4089 locis
711 4025 946 4105 emendatiores,
971 4027 1121 4114 leguntur
1140 4032 1171 4094 in
1194 4030 1347 4094 Eudociae

249 4128 348 4214 Ἰιννιᾷ
363 4156 394 4219 p.
409 4134 456 4195 16.

336 4255 441 4316 Μῦθος
455 4248 593 4320 παλαιὸς,
610 4247 649 4312 ὥς
659 4243 775 4312 Ἀτλας
790 4247 893 4311 νότοις
907 4244 993 4326 φέρει

334 4351 387 4413 τὸν
401 4349 530 4427 οὐρανόν
546 4347 677 4412 κάτωθεν
692 4350 724 4409 έκ
739 4350 793 4424 γῆς
808 4346 934 4426 άνέχαν.

335 4450 457 4528 σῦγοῦν
473 4450 587 4510 άκοθιιν
599 4450 691 4525 γνῶθι
705 4444 780 4506 τοῦτ’
796 4443 982 4525 άλληγόριις.
