2978 5062
516 375 584 437 AD
608 373 968 439 PROMETHEUM.
1248 377 1292 440 25

237 539 404 617 Beneficia,
420 540 538 626 quibus
553 543 762 607 Prometheus
776 543 948 608 humanum
964 565 1066 630 genus
1079 543 1193 621 offecit,
1207 545 1292 609 varie
1331 587 1334 592 ·

191 661 210 702 n
232 639 436 727 scriptoribus
450 642 682 708 deseribuntur.
726 644 956 730 Antiquissima
975 667 1049 709 vero
1070 645 1178 709 fabula
1196 645 1292 712 fuisse

191 740 328 820 videtur,
357 766 430 828 quae
458 744 539 830 ignis
567 745 776 810 inventionem
808 746 998 812 Prometheo
1026 747 1155 823 tribuit;
1186 748 1290 834 ignem

190 843 272 906 enim
295 843 326 907 in
349 845 449 908 ferula
471 869 489 909 a
512 847 702 911 Prometheo
720 863 899 936 surreptum
922 871 999 928 esse,
1013 865 1087 915 ante
1103 849 1290 937 AEschylum

186 945 252 1031 jam
269 945 430 1011 Hesiodus
444 962 553 1011 auctor
568 965 614 1012 est
628 951 723 1036 Oper.
739 973 769 1012 V.
783 965 836 1034 52.

407 1049 441 1111 τὸ
455 1051 512 1128 μὲν
527 1051 610 1116 αὖθις
624 1049 673 1117 ἐὺς
687 1056 758 1118 nair
770 1050 918 1115 'Ianlroto

316 1147 448 1232 ‘Ethai’
464 1152 645 1232 ἀνθρώποισι
661 1152 735 1219 Διὸς
749 1154 830 1234 παρὰ
843 1153 1013 1231 μητιόεντος

319 1249 375 1315 Ἐν
390 1255 479 1337 κοίλῳ
495 1252 626 1334 νάρθηκι.

194 1352 228 1414 Is
248 1364 353 1415 sutem
371 1353 476 1440 ignem
491 1368 583 1418 antea
596 1354 724 1441 quidem
743 1355 808 1439 jam
832 1353 1016 1418 mortalibus
1036 1371 1158 1431 notum,
1180 1372 1252 1442 post
1272 1378 1293 1419 a

191 1453 275 1516 Jove
300 1453 338 1518 iis
363 1455 557 1520 subtractum
587 1469 618 1519 et
643 1455 872 1535 absconditum,
898 1455 1036 1544 denique
1059 1479 1080 1520 a
1102 1457 1293 1521 Prometheo

191 1693 308 1758 historiis)
320 1697 430 1757 decentis
440 1712 457 1744 a
464 1696 611 1756 Prometheo,
623 1704 750 1760 utrumque
758 1705 851 1760 putans
861 1713 910 1746 esse
921 1704 1027 1759 tatarum,
1039 1698 1123 1760 delepit
1132 1712 1184 1745 ossa
1190 1713 1236 1759 pro
1246 1712 1292 1746 sua

191 1776 290 1823 dissida
298 1782 377 1837 porte.
410 1779 498 1839 Itaque
504 1783 586 1839 postea
597 1779 624 1824 irs
635 1779 770 1826 solennibus
780 1786 803 1827 et
814 1778 928 1840 relipiasis
942 1779 1066 1840 sacrifieiis
1077 1793 1151 1827 ccrrse
1161 1778 1293 1826 hutiarum

191 1857 1067 1921 conrumta‚reliquias,ouoeparssuitdeomrm,eodemipnicomburunt.
1100 1862 1294 1922 Sadutadpro·

190 1941 293 2001 positum
303 1945 460 2000 reuertamur,
471 1940 579 2002 Jupiter,
591 1956 643 1988 eum
649 1940 745 1999 facturn
759 1941 872 2001 rescisset,
884 1942 964 1989 arsiam
977 1948 1083 2004 per-niolo
1093 1943 1230 1990 mortalibus
1245 1942 1293 1990 eri·

191 2021 246 2082 puit
256 2021 342 2080 mrtem,
353 2035 385 2068 ne
396 2020 531 2069 Prometlsei
545 2022 627 2082 pratia
640 2023 698 2083 plus
712 2021 808 2070 demum
822 2028 938 2084 potestne
954 2023 1051 2083 valeret,
1062 2038 1122 2071 neue
1137 2024 1218 2071 earnis
1233 2037 1293 2070 usus

192 2101 259 2148 utilis
274 2101 407 2149 hominibus
424 2102 551 2161 videram,
566 2116 620 2148 mem
634 2102 701 2165 eoqid
717 2117 766 2150 non
779 2109 866 2164 posset.
901 2103 1057 2152 Prometheus
1070 2109 1150 2152 auten
1168 2108 1294 2151 emutatus

191 2181 311 2242 iniciari,
321 2197 368 2229 sua
378 2196 453 2244 opera
463 2189 572 2244 ereptum
582 2183 720 2231 morulibus
729 2183 808 2244 ipnem
819 2185 943 2231 restituere
952 2184 1075 2244 copitaiat.
1109 2186 1195 2244 Itaque
1210 2184 1294 2232 cetems

192 2263 794 2327 remotiseenitadlooisipnermuodinsinutoet
808 2264 1073 2323 inscrulamconjscm
1087 2264 1294 2323 laetsu,utrrolare

192 2359 242 2393 non
257 2359 354 2392 ctsrrm
371 2346 499 2403 uideretur,
510 2344 620 2403 ferulam
631 2345 738 2404 jaamns,
749 2359 781 2392 ns
796 2344 896 2405 spiritus
911 2343 1056 2391 interclusus
1068 2344 1196 2404 vaporibus
1206 2345 1294 2391 ustin-

190 2427 274 2482 pueret
289 2421 317 2467 in
333 2421 447 2481 anpustia
463 2423 551 2470 lumen.
585 2424 672 2482 Itaque
689 2421 794 2469 homines
812 2420 891 2467 adltuo
905 2421 1055 2482 plerumque,
1072 2422 1113 2480 qui
1128 2420 1215 2467 lutitiae
1224 2419 1295 2480 fiunt

192 2502 282 2562 nuntii,
293 2502 414 2550 acerrime
423 2503 531 2551 ueniunt.
560 2504 684 2550 Preterea
701 2507 774 2549 tomam
784 2516 800 2548 a
811 2501 939 2549 certatione
949 2501 1060 2548 ludorum
1071 2499 1145 2564 (torte
1155 2499 1200 2564 leg.
1212 2507 1294 2550 notum

192 2597 209 2630 a
227 2583 355 2631 certatione
375 2581 505 2646 ludicrum)
524 2583 660 2631 nummus
680 2584 839 2631 irsstituerunt
858 2596 889 2629 ea
908 2581 1044 2630 Prometlsei
1065 2583 1243 2640 cmuuetudirre,
1265 2589 1294 2630 ut

192 2669 317 2711 currerent
331 2664 462 2726 lampadem
469 2660 596 2724 munies.
629 2666 680 2712 Pro
691 2678 737 2726 quo
746 2664 847 2726 Jupiter
857 2663 926 2723 sacto
941 2662 1078 2710 mortalibus
1092 2678 1176 2725 parem
1190 2665 1295 2725 proriam

192 2745 307 2804 reserem,
324 2746 446 2793 mulierem
463 2746 561 2792 tradidit
577 2745 622 2806 liis,
640 2760 711 2807 quam
724 2761 740 2792 a
757 2746 863 2792 Vulcano
872 2744 967 2803 saetam
983 2745 1077 2792 deorum
1094 2746 1215 2793 uoluntate
1231 2746 1295 2794 omni

192 2840 291 2872 munere
308 2826 411 2873 donarit.
445 2828 532 2888 [lapsu
548 2828 665 2874 Pandora
683 2833 719 2874 est
736 2826 865 2888 appellata.
896 2825 1063 2874 Prometheum
1078 2832 1157 2874 autem
1174 2827 1201 2873 irs
1218 2833 1296 2875 morste

194 2906 304 2966 Scythia,
314 2907 410 2955 nomine
422 2908 537 2966 Carum,
543 2908 630 2967 ferrea
641 2914 725 2955 casm
736 2907 831 2963 vineit,-
849 2920 918 2970 quem
928 2905 1054 2966 allipatum
1063 2907 1097 2954 ad
1110 2908 1209 2968 tripinta
1219 2908 1296 2956 millia

192 3001 312 3034 usurarum
322 2988 451 3049 AEscnylus
461 2989 629 3050 trepudiarum
641 2989 742 3049 scriptor
753 2988 821 3035 Μ
846 2988 969 3034 Prutsrea
979 2986 1075 3035 admisit
1085 2988 1107 3035 ei
1117 2989 1231 3050 aquilam,
1242 3003 1296 3051 que

192 3070 288 3117 assidue
305 3075 376 3119 noctu
398 3072 547 3119 renascentia
559 3071 669 3133 Jecinora
688 3075 783 3118 emset.
817 3071 893 3117 Hane
911 3074 990 3116 autem
1008 3069 1116 3131 aquilam
1133 3071 1246 3118 nonnulli
1265 3085 1296 3118 sc

197 3148 311 3211 mione
320 3157 344 3198 et
355 3150 466 3198 Echidna
477 3157 569 3208 natam,
580 3151 624 3198 alii
640 3164 671 3198 ea
686 3151 762 3197 Terra
778 3155 802 3198 et
816 3149 926 3207 Tartaro,
941 3149 1073 3211 complures
1088 3149 1190 3198 Vulcani
1201 3150 1296 3207 saetam

193 3230 303 3278 manibus
313 3232 481 3290 demorutrant,
493 3232 677 3295 animamqueei
693 3231 795 3278 abduce
810 3231 924 3277 traditam
935 3229 1025 3276 dicunt.
1060 3229 1109 3277 Sed
1123 3229 1175 3289 ejus
1190 3231 1220 3277 dc
1234 3229 1296 3277 solu·

193 3311 256 3358 tione
271 3311 334 3359 hano
350 3312 466 3360 memoria
479 3314 600 3375 proditam
616 3326 665 3361 esse
682 3327 787 3360 camum
823 3311 903 3367 Quum
916 3311 1016 3371 Jupiter
1030 3309 1137 3358 Thetidis
1152 3310 1296 3358 connubium

190 3391 484 3455 pulciritudinecorporis
497 3394 610 3442 inductus
624 3399 723 3456 peteret,
739 3406 843 3455 nequeo
854 3389 936 3438 timida
952 3389 1046 3450 sirpine
1061 3390 1207 3451 impetraret,
1218 3404 1295 3451 rseqsse

192 3486 222 3520 es
232 3487 260 3520 re
270 3473 351 3521 minus
361 3474 453 3533 efficm
463 3477 583 3536 aspiraret,
594 3477 636 3524 illo
646 3483 748 3536 tempore
760 3475 847 3521 Parca
859 3469 1168 3529 „nmssmmursara
1179 3484 1232 3532 W
1238 3485 1297 3531 W·

191 3552 234 3609 fici
244 3559 335 3601 natura
345 3555 420 3602 coluit
430 3570 528 3614 rerum,·
545 3558 659 3606 dicerunt
669 3557 741 3615 enim,
752 3555 888 3616 qumunque
903 3550 1008 3598 Thetidis
1018 3549 1109 3610 suisset
1124 3552 1233 3611 mantra,
1244 3551 1296 3611 ejus

187 3631 269 3693 fidum
278 3636 424 3696 patriasore
435 3637 506 3684 laude
516 3637 646 3685 rhetorem.
683 3636 753 3693 Quod
764 3631 920 3680 Prometheus
936 3645 985 3678 non
1000 3631 1128 3692 voluntate,
1139 3631 1182 3679 sed
1196 3633 1297 3681 riscessi·

193 3714 275 3761 tudine
286 3715 396 3775 oipilans,
404 3716 513 3764 auditum
521 3718 578 3766 doci
589 3717 717 3764 nuntiarit.
735 3715 783 3772 Qui
791 3714 889 3771 veritus,
898 3727 930 3760 ns
937 3712 969 3772 id,
979 3712 1042 3774 quod
1050 3712 1102 3772 ipse
1116 3712 1295 3774 Satsanopctri

188 3793 293 3854 seruat,
305 3794 333 3842 in
345 3796 417 3844 siusili
432 3811 506 3845 causa
514 3799 568 3858 pati
579 3812 653 3858 reprsc
666 3797 779 3858 priuatus
793 3802 922 3855 asperetur,
936 3792 1024 3842 destitit
1038 3792 1131 3840 Thetim
1141 3793 1201 3840 velle
1210 3793 1297 3840 ducere

193 3888 298 3934 uxorem,
309 3882 333 3923 et
345 3876 484 3925 Prometheo
492 3893 538 3939 pro
549 3877 659 3938 beneficia
669 3877 776 3925 meritam
788 3875 871 3923 retulit
882 3875 996 3935 oratiam,
1007 3887 1108 3935 eumqtse
1119 3872 1222 3920 dantis
1239 3873 1296 3921 lile-

192 3956 264 4015 raoit,
276 3969 359 4016 mque,
372 3959 435 4019 quod
449 3958 485 4005 illi
495 3959 584 4019 suerat
593 3960 702 4020 juratus,
713 3958 810 4017 remisit,
825 3971 927 4003 vacuum
943 3956 1006 4002 omni
1023 3954 1160 4014 altipationc
1169 3952 1295 4012 futurum.

195 4036 243 4082 Sed
251 4038 367 4084 memoria
377 4053 450 4086 casua
460 4054 492 4088 ee
502 4046 605 4102 utraque
616 4055 650 4098 re,
662 4039 705 4086 noc
715 4043 758 4098 est,
770 4037 849 4098 lapide
859 4043 882 4084 et
887 4035 957 4096 ferro
968 4034 1013 4080 stis·
1025 4033 1125 4093 dipitum
1141 4033 1231 4082 uincire
1242 4035 1297 4095 jus-

192 4116 231 4163 δῖ’·
268 4117 323 4173 ΟΜ
334 4121 503 4168 consuetudine
519 4121 624 4169 homines
635 4121 682 4179 usi,
695 4133 741 4181 quo
756 4117 896 4176 satisfacere
907 4113 1047 4162 Prometheo
1057 4114 1203 4173 uiderentur,
1215 4132 1296 4164 annu·

192 4196 227 4244 los
237 4197 317 4258 lapide
327 4198 426 4257 etserro
436 4202 555 4249 conclusos
569 4201 655 4249 hahere
670 4205 798 4262 oeperunt.
836 4195 959 4245 Nonnulli
975 4195 1045 4243 etiam
1061 4209 1170 4243 corariam
1186 4196 1297 4245 habuisse

193 4277 315 4337 dicerunt,
327 4285 355 4326 ut
362 4293 388 4326 sc
398 4281 507 4329 uictorem
517 4281 616 4343 impune
623 4295 733 4343 peccam
743 4280 837 4327 diceet
845 4308 879 4319 -
889 4307 922 4318 -

226 4358 379 4421 lampadum
391 4361 528 4409 oertsminis
538 4361 565 4408 in
576 4360 692 4409 honorem
705 4359 841 4408 Promethei
852 4358 882 4404 uh
894 4372 936 4404 aru
947 4357 1000 4417 ejus
1016 4356 1043 4403 in
1059 4356 1180 4404 academie
1191 4356 1296 4404 Athenis

193 4438 299 4487 institisti
316 4439 463 4489 mentionem
482 4441 539 4489 furit
554 4441 628 4489 etism
646 4441 751 4489 Peucen.
769 4440 842 4490 Attia.
855 4453 906 4502 esp.
925 4451 964 4500 30.
996 4437 1034 4487 De
1050 4437 1142 4487 mnulo
1159 4435 1304 4485 Promethei-

193 4518 266 4567 rsism
279 4519 375 4569 Plinius
385 4519 493 4582 loquimr
504 4520 538 4569 Η.
552 4522 584 4569 Ν.
596 4535 636 4583 33,
649 4537 673 4580 4.
685 4531 725 4582 37,
740 4534 761 4567 ι.

738 4621 759 4660 D
