<?xml version="1.0" encoding="UTF-8"?>
<!DOCTYPE html PUBLIC "-//W3C//DTD XHTML 1.0 Transitional//EN"
    "http://www.w3.org/TR/xhtml1/DTD/xhtml1-transitional.dtd">
<html xmlns="http://www.w3.org/1999/xhtml" xml:lang="en" lang="en">
 <head>
  <title>
</title>
<meta http-equiv="Content-Type" content="text/html;charset=utf-8" />
  <meta name='ocr-system' content='tesseract 3.04.00' />
  <meta name='ocr-capabilities' content='ocr_page ocr_carea ocr_par ocr_line ocrx_word'/>
</head>
<body>
  <div class='ocr_page' id='page_1' title='image "./tragoediaesuper02aescgoog_0044.png"; bbox 0 0 2978 5062; ppageno 0'>
   <div class='ocr_carea' id='block_1_1' title="bbox 451 368 1226 435">
    <p class='ocr_par' dir='ltr' id='par_1_1' title="bbox 451 368 1226 435">
     <span class='ocr_line' id='line_1_1' title="bbox 451 368 1226 435; baseline -0.004 -1"><span class='ocrx_word' id='word_1_1' title='bbox 451 371 520 435; x_wconf 82' lang='lat' dir='ltr'><strong>AD</strong></span> <span class='ocrx_word' id='word_1_2' title='bbox 543 368 901 435; x_wconf 84' lang='lat' dir='ltr'><strong>PROMETHEUM.</strong></span> <span class='ocrx_word' id='word_1_3' title='bbox 1185 369 1226 432; x_wconf 76' lang='grc' dir='ltr'><strong>διδ</strong></span> 
     </span>
    </p>
   </div>
   <div class='ocr_carea' id='block_1_2' title="bbox 128 538 1230 1346">
    <p class='ocr_par' dir='ltr' id='par_1_2' title="bbox 128 538 1230 1346">
     <span class='ocr_line' id='line_1_2' title="bbox 170 538 1227 620; baseline 0.008 -22"><span class='ocrx_word' id='word_1_4' title='bbox 170 540 215 604; x_wconf 80' lang='grc' dir='ltr'><strong>τίς</strong></span> <span class='ocrx_word' id='word_1_5' title='bbox 235 539 325 620; x_wconf 85' lang='grc' dir='ltr'>όδμδ]</span> <span class='ocrx_word' id='word_1_6' title='bbox 350 538 445 601; x_wconf 81' lang='lat' dir='ltr'><strong>Notae</strong></span> <span class='ocrx_word' id='word_1_7' title='bbox 465 551 539 601; x_wconf 84' lang='lat' dir='ltr'><strong>suut</strong></span> <span class='ocrx_word' id='word_1_8' title='bbox 552 560 591 600; x_wconf 83' lang='lat' dir='ltr'><strong>ex</strong></span> <span class='ocrx_word' id='word_1_9' title='bbox 607 539 751 600; x_wconf 84' lang='lat' dir='ltr'>Homero</span> <span class='ocrx_word' id='word_1_10' title='bbox 771 553 871 602; x_wconf 77' lang='lat' dir='ltr'><strong>vestes</strong></span> <span class='ocrx_word' id='word_1_11' title='bbox 890 538 1055 603; x_wconf 85' lang='lat' dir='ltr'><strong>mulierum</strong></span> <span class='ocrx_word' id='word_1_12' title='bbox 1077 541 1227 618; x_wconf 70' lang='lat' dir='ltr'><strong>odoratae,</strong></span> 
     </span>
     <span class='ocr_line' id='line_1_3' title="bbox 128 637 1230 725; baseline 0.006 -25"><span class='ocrx_word' id='word_1_13' title='bbox 128 640 233 717; x_wconf 78' lang='grc' dir='ltr'>εἰματα</span> <span class='ocrx_word' id='word_1_14' title='bbox 255 641 369 703; x_wconf 83' lang='grc' dir='ltr'>θυόδεα</span> <span class='ocrx_word' id='word_1_15' title='bbox 392 637 524 725; x_wconf 83' lang='lat' dir='ltr'>(Odyss.</span> <span class='ocrx_word' id='word_1_16' title='bbox 547 643 585 716; x_wconf 86' lang='grc' dir='ltr'><strong>Φ,</strong></span> <span class='ocrx_word' id='word_1_17' title='bbox 608 642 697 721; x_wconf 83' lang='lat'><strong>52.);</strong></span> <span class='ocrx_word' id='word_1_18' title='bbox 730 653 823 702; x_wconf 80' lang='lat' dir='ltr'><strong>notus</strong></span> <span class='ocrx_word' id='word_1_19' title='bbox 844 654 892 703; x_wconf 82' lang='lat' dir='ltr'><strong>est</strong></span> <span class='ocrx_word' id='word_1_20' title='bbox 913 641 1078 721; x_wconf 80' lang='grc' dir='ltr'>ἀμβρόσιος</span> <span class='ocrx_word' id='word_1_21' title='bbox 1100 638 1230 707; x_wconf 72' lang='lat' dir='ltr'><strong>Veneris</strong></span> 
     </span>
     <span class='ocr_line' id='line_1_4' title="bbox 128 736 1228 826; baseline 0.002 -26"><span class='ocrx_word' id='word_1_22' title='bbox 128 736 244 804; x_wconf 74' lang='grc' dir='ltr'>πέπλοι·</span> <span class='ocrx_word' id='word_1_23' title='bbox 269 736 379 818; x_wconf 75' lang='lat' dir='ltr'><strong>(Iliad.</strong></span> <span class='ocrx_word' id='word_1_24' title='bbox 403 743 440 813; x_wconf 82' lang='grc' dir='ltr'><strong>Ε,</strong></span> <span class='ocrx_word' id='word_1_25' title='bbox 463 739 574 822; x_wconf 81' lang='lat'><strong>338.);</strong></span> <span class='ocrx_word' id='word_1_26' title='bbox 606 751 716 801; x_wconf 86' lang='lat' dir='ltr'><strong>notum</strong></span> <span class='ocrx_word' id='word_1_27' title='bbox 740 737 877 822; x_wconf 88' lang='lat' dir='ltr'><strong>denique</strong></span> <span class='ocrx_word' id='word_1_28' title='bbox 899 738 1059 824; x_wconf 89' lang='lat' dir='ltr'><strong>quomodo</strong></span> <span class='ocrx_word' id='word_1_29' title='bbox 1085 761 1118 802; x_wconf 84' lang='lat' dir='ltr'><strong>ee</strong></span> <span class='ocrx_word' id='word_1_30' title='bbox 1141 739 1228 826; x_wconf 84' lang='lat' dir='ltr'><strong>apud</strong></span> 
     </span>
     <span class='ocr_line' id='line_1_5' title="bbox 128 838 1229 925; baseline 0.006 -24"><span class='ocrx_word' id='word_1_31' title='bbox 128 861 199 902; x_wconf 89' lang='lat' dir='ltr'><strong>eum</strong></span> <span class='ocrx_word' id='word_1_32' title='bbox 223 841 247 902; x_wconf 83' lang='lat' dir='ltr'>J</span> <span class='ocrx_word' id='word_1_33' title='bbox 249 861 312 902; x_wconf 86' lang='lat' dir='ltr'><strong>uno</strong></span> <span class='ocrx_word' id='word_1_34' title='bbox 331 838 425 903; x_wconf 79' lang='lat' dir='ltr'><strong>Jovis</strong></span> <span class='ocrx_word' id='word_1_35' title='bbox 445 838 662 925; x_wconf 81' lang='lat' dir='ltr'><strong>complexibus</strong></span> <span class='ocrx_word' id='word_1_36' title='bbox 683 853 784 924; x_wconf 76' lang='lat' dir='ltr'><strong>peret,</strong></span> <span class='ocrx_word' id='word_1_37' title='bbox 805 851 837 902; x_wconf 84' lang='lat' dir='ltr'><strong>et</strong></span> <span class='ocrx_word' id='word_1_38' title='bbox 858 862 923 925; x_wconf 92' lang='lat' dir='ltr'><strong>quo</strong></span> <span class='ocrx_word' id='word_1_39' title='bbox 941 854 1036 925; x_wconf 81' lang='lat' dir='ltr'><strong>pacto</strong></span> <span class='ocrx_word' id='word_1_40' title='bbox 1056 839 1164 921; x_wconf 81' lang='lat' dir='ltr'><strong>(Iliad.</strong></span> <span class='ocrx_word' id='word_1_41' title='bbox 1189 844 1229 920; x_wconf 83' lang='grc' dir='ltr'><strong>Ξ,·</strong></span> 
     </span>
     <span class='ocr_line' id='line_1_6' title="bbox 133 940 841 1022; baseline 0.003 -19"><span class='ocrx_word' id='word_1_42' title='bbox 133 940 238 1022; x_wconf 87' lang='lat'>170.):</span> <span class='ocrx_word' id='word_1_43' title='bbox 839 957 841 963; x_wconf 80' lang='grc'>’</span> 
     </span>
     <span class='ocr_line' id='line_1_7' title="bbox 166 1057 948 1144; baseline 0.004 -22"><span class='ocrx_word' id='word_1_44' title='bbox 166 1068 169 1076; x_wconf 87' lang='grc'><strong>’</strong></span> <span class='ocrx_word' id='word_1_45' title='bbox 214 1057 384 1144; x_wconf 81' lang='grc' dir='ltr'>Ἀμβροσίῃ</span> <span class='ocrx_word' id='word_1_46' title='bbox 397 1060 454 1138; x_wconf 70' lang='grc' dir='ltr'><strong>μὲν</strong></span> <span class='ocrx_word' id='word_1_47' title='bbox 468 1064 585 1138; x_wconf 88' lang='grc' dir='ltr'>πρῶτον</span> <span class='ocrx_word' id='word_1_48' title='bbox 598 1057 658 1121; x_wconf 83' lang='grc' dir='ltr'><strong>όπὸ</strong></span> <span class='ocrx_word' id='word_1_49' title='bbox 672 1059 765 1140; x_wconf 77' lang='grc' dir='ltr'>χροὸς</span> <span class='ocrx_word' id='word_1_50' title='bbox 779 1060 948 1139; x_wconf 78' lang='grc' dir='ltr'>ἱμερόεντος</span> 
     </span>
     <span class='ocr_line' id='line_1_8' title="bbox 215 1157 1001 1245; baseline 0.001 -23"><span class='ocrx_word' id='word_1_51' title='bbox 215 1161 334 1240; x_wconf 79' lang='grc' dir='ltr'>λόματα</span> <span class='ocrx_word' id='word_1_52' title='bbox 347 1159 447 1224; x_wconf 76' lang='grc' dir='ltr'>πάντα</span> <span class='ocrx_word' id='word_1_53' title='bbox 462 1159 600 1245; x_wconf 76' lang='grc' dir='ltr'>κόθῃρεν,</span> <span class='ocrx_word' id='word_1_54' title='bbox 616 1161 767 1241; x_wconf 72' lang='grc' dir='ltr'>ἀλείψατο</span> <span class='ocrx_word' id='word_1_55' title='bbox 782 1162 815 1222; x_wconf 78' lang='grc' dir='ltr'><strong>δὲ</strong></span> <span class='ocrx_word' id='word_1_56' title='bbox 829 1157 892 1223; x_wconf 82' lang='grc' dir='ltr'>λίπ’</span> <span class='ocrx_word' id='word_1_57' title='bbox 909 1161 1001 1245; x_wconf 71' lang='grc' dir='ltr'>ἐλαίῳ</span> 
     </span>
     <span class='ocr_line' id='line_1_9' title="bbox 217 1261 932 1346; baseline 0.001 -23"><span class='ocrx_word' id='word_1_58' title='bbox 217 1263 385 1346; x_wconf 77' lang='grc' dir='ltr'>όμβροσίμ,</span> <span class='ocrx_word' id='word_1_59' title='bbox 401 1263 508 1346; x_wconf 73' lang='grc' dir='ltr'>ἑδανῷ,</span> <span class='ocrx_word' id='word_1_60' title='bbox 524 1262 559 1325; x_wconf 84' lang='grc' dir='ltr'><strong>τό</strong></span> <span class='ocrx_word' id='word_1_61' title='bbox 572 1261 611 1342; x_wconf 84' lang='grc' dir='ltr'><strong>ῥά</strong></span> <span class='ocrx_word' id='word_1_62' title='bbox 625 1265 654 1325; x_wconf 91' lang='grc' dir='ltr'><strong>οἰ</strong></span> <span class='ocrx_word' id='word_1_63' title='bbox 667 1263 853 1340; x_wconf 85' lang='grc' dir='ltr'>τεθνῶμενον</span> <span class='ocrx_word' id='word_1_64' title='bbox 866 1261 932 1342; x_wconf 79' lang='grc' dir='ltr'>ἦεν.</span> 
     </span>
    </p>
   </div>
   <div class='ocr_carea' id='block_1_3' title="bbox 131 1387 1234 2698">
    <p class='ocr_par' dir='ltr' id='par_1_3' title="bbox 131 1387 1232 2166">
     <span class='ocr_line' id='line_1_10' title="bbox 134 1387 1231 1477; baseline 0.003 -25"><span class='ocrx_word' id='word_1_65' title='bbox 134 1388 207 1452; x_wconf 91' lang='lat' dir='ltr'><strong>Sine</strong></span> <span class='ocrx_word' id='word_1_66' title='bbox 229 1387 327 1452; x_wconf 83' lang='lat' dir='ltr'><strong>dubio</strong></span> <span class='ocrx_word' id='word_1_67' title='bbox 347 1388 446 1474; x_wconf 83' lang='lat' dir='ltr'><strong>igitur</strong></span> <span class='ocrx_word' id='word_1_68' title='bbox 461 1387 633 1475; x_wconf 79' lang='lat' dir='ltr'><strong>AEschylus</strong></span> <span class='ocrx_word' id='word_1_69' title='bbox 655 1387 855 1452; x_wconf 80' lang='lat' dir='ltr'><strong>advenientes</strong></span> <span class='ocrx_word' id='word_1_70' title='bbox 876 1388 1043 1477; x_wconf 82' lang='lat' dir='ltr'>Nymphas</span> <span class='ocrx_word' id='word_1_71' title='bbox 1059 1413 1077 1453; x_wconf 90' lang='lat' dir='ltr'><strong>e</strong></span> <span class='ocrx_word' id='word_1_72' title='bbox 1093 1390 1231 1456; x_wconf 76' lang='lat' dir='ltr'><strong>vestibus</strong></span> 
     </span>
     <span class='ocr_line' id='line_1_11' title="bbox 133 1488 1232 1578; baseline 0.003 -24"><span class='ocrx_word' id='word_1_73' title='bbox 133 1505 163 1554; x_wconf 81' lang='lat' dir='ltr'><strong>et</strong></span> <span class='ocrx_word' id='word_1_74' title='bbox 178 1489 297 1575; x_wconf 77' lang='lat' dir='ltr'><strong>capillis</strong></span> <span class='ocrx_word' id='word_1_75' title='bbox 309 1488 473 1553; x_wconf 81' lang='lat' dir='ltr'><strong>ambrosiae</strong></span> <span class='ocrx_word' id='word_1_76' title='bbox 493 1489 620 1553; x_wconf 90' lang='lat' dir='ltr'><strong>odorem</strong></span> <span class='ocrx_word' id='word_1_77' title='bbox 643 1511 789 1575; x_wconf 77' lang='lat' dir='ltr'><strong>spargere</strong></span> <span class='ocrx_word' id='word_1_78' title='bbox 810 1489 913 1567; x_wconf 86' lang='lat' dir='ltr'><strong>finxit,</strong></span> <span class='ocrx_word' id='word_1_79' title='bbox 927 1492 1018 1578; x_wconf 83' lang='lat' dir='ltr'><strong>cujus</strong></span> <span class='ocrx_word' id='word_1_80' title='bbox 1039 1490 1079 1556; x_wconf 79' lang='lat' dir='ltr'><strong>ed</strong></span> <span class='ocrx_word' id='word_1_81' title='bbox 1103 1493 1232 1558; x_wconf 88' lang='lat' dir='ltr'><strong>Prome-</strong></span> 
     </span>
     <span class='ocr_line' id='line_1_12' title="bbox 134 1590 1230 1677; baseline 0.004 -22"><span class='ocrx_word' id='word_1_82' title='bbox 134 1591 240 1656; x_wconf 86' lang='lat' dir='ltr'><strong>theum</strong></span> <span class='ocrx_word' id='word_1_83' title='bbox 265 1614 365 1677; x_wconf 81' lang='lat' dir='ltr'><strong>usque</strong></span> <span class='ocrx_word' id='word_1_84' title='bbox 379 1590 480 1654; x_wconf 81' lang='lat' dir='ltr'><strong>dulcis</strong></span> <span class='ocrx_word' id='word_1_85' title='bbox 501 1613 579 1655; x_wconf 78' lang='lat' dir='ltr'><strong>aure</strong></span> <span class='ocrx_word' id='word_1_86' title='bbox 592 1590 733 1677; x_wconf 81' lang='lat' dir='ltr'><strong>spiraret.</strong></span> <span class='ocrx_word' id='word_1_87' title='bbox 779 1592 814 1654; x_wconf 85' lang='lat' dir='ltr'><strong>Is</strong></span> <span class='ocrx_word' id='word_1_88' title='bbox 829 1593 964 1674; x_wconf 74' lang='grc' dir='ltr'>ἀφεγγὴς</span> <span class='ocrx_word' id='word_1_89' title='bbox 977 1592 1103 1670; x_wconf 86' lang='lat' dir='ltr'><strong>dicitur,</strong></span> <span class='ocrx_word' id='word_1_90' title='bbox 1118 1595 1230 1659; x_wconf 70' lang='lat' dir='ltr'><strong>inviri-</strong></span> 
     </span>
     <span class='ocr_line' id='line_1_13' title="bbox 131 1691 1232 1781; baseline 0.003 -23"><span class='ocrx_word' id='word_1_91' title='bbox 131 1695 214 1772; x_wconf 72' lang='lat' dir='ltr'><strong>bilis,</strong></span> <span class='ocrx_word' id='word_1_92' title='bbox 238 1694 298 1757; x_wconf 86' lang='lat' dir='ltr'><strong>hoc</strong></span> <span class='ocrx_word' id='word_1_93' title='bbox 319 1710 366 1758; x_wconf 88' lang='lat' dir='ltr'><strong>est</strong></span> <span class='ocrx_word' id='word_1_94' title='bbox 388 1693 444 1779; x_wconf 93' lang='lat' dir='ltr'><strong>qui</strong></span> <span class='ocrx_word' id='word_1_95' title='bbox 470 1692 511 1756; x_wconf 87' lang='lat' dir='ltr'><strong>ab</strong></span> <span class='ocrx_word' id='word_1_96' title='bbox 536 1691 653 1778; x_wconf 80' lang='lat' dir='ltr'><strong>aliquo,</strong></span> <span class='ocrx_word' id='word_1_97' title='bbox 677 1715 770 1779; x_wconf 92' lang='lat' dir='ltr'><strong>quem</strong></span> <span class='ocrx_word' id='word_1_98' title='bbox 793 1693 933 1758; x_wconf 88' lang='lat' dir='ltr'><strong>nondum</strong></span> <span class='ocrx_word' id='word_1_99' title='bbox 955 1694 1054 1759; x_wconf 85' lang='lat' dir='ltr'><strong>oculis</strong></span> <span class='ocrx_word' id='word_1_100' title='bbox 1073 1695 1232 1781; x_wconf 82' lang='lat' dir='ltr'><strong>adspioere</strong></span> 
     </span>
     <span class='ocr_line' id='line_1_14' title="bbox 133 1794 1232 1884; baseline 0.001 -23"><span class='ocrx_word' id='word_1_101' title='bbox 133 1813 245 1884; x_wconf 83' lang='lat' dir='ltr'><strong>potest,</strong></span> <span class='ocrx_word' id='word_1_102' title='bbox 259 1798 356 1862; x_wconf 84' lang='lat' dir='ltr'><strong>venit.</strong></span> <span class='ocrx_word' id='word_1_103' title='bbox 375 1799 476 1863; x_wconf 89' lang='lat' dir='ltr'><strong>SCH.</strong></span> <span class='ocrx_word' id='word_1_104' title='bbox 500 1798 579 1861; x_wconf 90' lang='lat' dir='ltr'><strong>Eur.</strong></span> <span class='ocrx_word' id='word_1_105' title='bbox 594 1796 698 1884; x_wconf 87' lang='lat' dir='ltr'><strong>Hipp.</strong></span> <span class='ocrx_word' id='word_1_106' title='bbox 714 1816 806 1882; x_wconf 83' lang='lat'>1391.</span> <span class='ocrx_word' id='word_1_107' title='bbox 823 1794 847 1859; x_wconf 87' lang='grc' dir='ltr'>ῶ</span> <span class='ocrx_word' id='word_1_108' title='bbox 863 1802 945 1861; x_wconf 80' lang='grc' dir='ltr'>θεῖον</span> <span class='ocrx_word' id='word_1_109' title='bbox 958 1800 1048 1879; x_wconf 82' lang='grc' dir='ltr'>ὀδμῆς</span> <span class='ocrx_word' id='word_1_110' title='bbox 1061 1803 1232 1877; x_wconf 89' lang='grc' dir='ltr'>πνεῦμα·-</span> 
     </span>
     <span class='ocr_line' id='line_1_15' title="bbox 134 1897 1231 1986; baseline -0.001 -23"><span class='ocrx_word' id='word_1_111' title='bbox 134 1899 195 1963; x_wconf 79' lang='grc' dir='ltr'>ἔστ’</span> <span class='ocrx_word' id='word_1_112' title='bbox 219 1903 253 1965; x_wconf 81' lang='grc' dir='ltr'><strong>ἐν</strong></span> <span class='ocrx_word' id='word_1_113' title='bbox 274 1903 393 1964; x_wconf 85' lang='grc' dir='ltr'>τόποισι</span> <span class='ocrx_word' id='word_1_114' title='bbox 414 1899 517 1964; x_wconf 83' lang='grc' dir='ltr'>τοισίδ’</span> <span class='ocrx_word' id='word_1_115' title='bbox 536 1897 678 1982; x_wconf 80' lang='grc' dir='ltr'>Ἀρτεμις</span> <span class='ocrx_word' id='word_1_116' title='bbox 699 1899 763 1964; x_wconf 62' lang='lat' dir='ltr'><strong>ord.</strong></span> <span class='ocrx_word' id='word_1_117' title='bbox 800 1897 1231 1986; x_wconf 77' lang='lat' dir='ltr'><strong>Virgil.AEn.1,403.Am·</strong></span> 
     </span>
     <span class='ocr_line' id='line_1_16' title="bbox 134 2001 1232 2089; baseline 0.002 -26"><span class='ocrx_word' id='word_1_118' title='bbox 134 2002 304 2088; x_wconf 75' lang='grc' dir='ltr'>όνοοίοροι</span> <span class='ocrx_word' id='word_1_119' title='bbox 324 2024 419 2066; x_wconf 72' lang='lat' dir='ltr'><strong>conire</strong></span> <span class='ocrx_word' id='word_1_120' title='bbox 441 2003 587 2064; x_wconf 74' lang='lat' dir='ltr'><strong>divinum</strong></span> <span class='ocrx_word' id='word_1_121' title='bbox 611 2003 724 2066; x_wconf 75' lang='lat' dir='ltr'><strong>vertice</strong></span> <span class='ocrx_word' id='word_1_122' title='bbox 746 2001 869 2066; x_wconf 81' lang='lat' dir='ltr'><strong>odorem</strong></span> <span class='ocrx_word' id='word_1_123' title='bbox 893 2003 1066 2089; x_wconf 70' lang='lat' dir='ltr'><strong>spiravere.</strong></span> <span class='ocrx_word' id='word_1_124' title='bbox 1101 2001 1232 2066; x_wconf 76' lang='grc' dir='ltr'>(δίἰίΙί-</span> 
     </span>
     <span class='ocr_line' id='line_1_17' title="bbox 135 2102 291 2166; baseline -0.006 -1"><span class='ocrx_word' id='word_1_125' title='bbox 135 2102 291 2166; x_wconf 86' lang='lat' dir='ltr'>FITHS.</span> 
     </span>
    </p>

    <p class='ocr_par' dir='ltr' id='par_1_4' title="bbox 180 2202 1083 2291">
     <span class='ocr_line' id='line_1_18' title="bbox 180 2202 1083 2291; baseline -0.001 -23"><span class='ocrx_word' id='word_1_126' title='bbox 180 2207 249 2268; x_wconf 88' lang='lat'>116.</span> <span class='ocrx_word' id='word_1_127' title='bbox 266 2204 422 2291; x_wconf 78' lang='grc' dir='ltr'>θεόσυτος]</span> <span class='ocrx_word' id='word_1_128' title='bbox 440 2205 602 2270; x_wconf 74' lang='grc' dir='ltr'>θεόσοιποι</span> <span class='ocrx_word' id='word_1_129' title='bbox 615 2226 688 2290; x_wconf 81' lang='lat' dir='ltr'><strong>pars</strong></span> <span class='ocrx_word' id='word_1_130' title='bbox 701 2203 844 2269; x_wconf 87' lang='lat' dir='ltr'><strong>codicum</strong></span> <span class='ocrx_word' id='word_1_131' title='bbox 860 2218 891 2266; x_wconf 90' lang='lat' dir='ltr'><strong>et</strong></span> <span class='ocrx_word' id='word_1_132' title='bbox 906 2202 983 2267; x_wconf 82' lang='lat' dir='ltr'><strong>Ald.</strong></span> <span class='ocrx_word' id='word_1_133' title='bbox 1000 2204 1083 2268; x_wconf 91' lang='lat' dir='ltr'><strong>Rob.</strong></span> 
     </span>
    </p>

    <p class='ocr_par' dir='ltr' id='par_1_5' title="bbox 134 2302 1234 2698">
     <span class='ocr_line' id='line_1_19' title="bbox 176 2302 1232 2388; baseline 0 -19"><span class='ocrx_word' id='word_1_134' title='bbox 176 2305 352 2388; x_wconf 76' lang='grc' dir='ltr'>κεκραμένη]</span> <span class='ocrx_word' id='word_1_135' title='bbox 380 2302 488 2381; x_wconf 81' lang='lat' dir='ltr'><strong>Qualis</strong></span> <span class='ocrx_word' id='word_1_136' title='bbox 510 2303 718 2369; x_wconf 87' lang='lat' dir='ltr'><strong>semideorum</strong></span> <span class='ocrx_word' id='word_1_137' title='bbox 739 2320 797 2370; x_wconf 82' lang='lat' dir='ltr'><strong>eet.</strong></span> <span class='ocrx_word' id='word_1_138' title='bbox 827 2304 972 2368; x_wconf 83' lang='lat' dir='ltr'>“Alexis</span> <span class='ocrx_word' id='word_1_139' title='bbox 993 2304 1025 2367; x_wconf 90' lang='lat' dir='ltr'><strong>in</strong></span> <span class='ocrx_word' id='word_1_140' title='bbox 1045 2303 1149 2370; x_wconf 83' lang='lat' dir='ltr'><strong>Grotii</strong></span> <span class='ocrx_word' id='word_1_141' title='bbox 1164 2304 1232 2369; x_wconf 83' lang='lat' dir='ltr'><strong>Ex-</strong></span> 
     </span>
     <span class='ocr_line' id='line_1_20' title="bbox 134 2404 1232 2493; baseline -0.001 -22"><span class='ocrx_word' id='word_1_142' title='bbox 134 2421 232 2493; x_wconf 87' lang='lat' dir='ltr'><strong>cerpt.</strong></span> <span class='ocrx_word' id='word_1_143' title='bbox 255 2428 287 2492; x_wconf 89' lang='lat' dir='ltr'><strong>p.</strong></span> <span class='ocrx_word' id='word_1_144' title='bbox 302 2424 376 2490; x_wconf 82' lang='lat'>59¹·</span> <span class='ocrx_word' id='word_1_145' title='bbox 399 2428 419 2468; x_wconf 82' lang='lat' dir='ltr'><strong>a</strong></span> <span class='ocrx_word' id='word_1_146' title='bbox 441 2404 557 2470; x_wconf 82' lang='lat' dir='ltr'><strong>Bloms.</strong></span> <span class='ocrx_word' id='word_1_147' title='bbox 579 2405 703 2484; x_wconf 81' lang='lat' dir='ltr'><strong>citatus,</strong></span> <span class='ocrx_word' id='word_1_148' title='bbox 719 2407 765 2471; x_wconf 84' lang='grc' dir='ltr'><strong>Οῦ</strong></span> <span class='ocrx_word' id='word_1_149' title='bbox 787 2406 894 2485; x_wconf 68' lang='grc' dir='ltr'>θνητὸς</span> <span class='ocrx_word' id='word_1_150' title='bbox 914 2404 974 2469; x_wconf 72' lang='grc' dir='ltr'>οὐδ’</span> <span class='ocrx_word' id='word_1_151' title='bbox 989 2404 1147 2479; x_wconf 75' lang='grc' dir='ltr'>δθόνοτοτ,</span> <span class='ocrx_word' id='word_1_152' title='bbox 1163 2405 1232 2470; x_wconf 77' lang='grc' dir='ltr'>ἀλλ’</span> 
     </span>
     <span class='ocr_line' id='line_1_21' title="bbox 134 2504 1234 2594; baseline -0.002 -20"><span class='ocrx_word' id='word_1_153' title='bbox 134 2511 213 2593; x_wconf 76' lang='grc' dir='ltr'>ἔχων</span> <span class='ocrx_word' id='word_1_154' title='bbox 234 2535 302 2574; x_wconf 85' lang='grc' dir='ltr'>τινα</span> <span class='ocrx_word' id='word_1_155' title='bbox 323 2511 499 2590; x_wconf 75' lang='grc' dir='ltr'>σύγκρασιν.</span> <span class='ocrx_word' id='word_1_156' title='bbox 534 2506 646 2594; x_wconf 84' lang='lat' dir='ltr'><strong>Eurip.</strong></span> <span class='ocrx_word' id='word_1_157' title='bbox 670 2509 745 2572; x_wconf 92' lang='lat' dir='ltr'><strong>Hel.</strong></span> <span class='ocrx_word' id='word_1_158' title='bbox 769 2527 862 2592; x_wconf 82' lang='lat'>1137.</span> <span class='ocrx_word' id='word_1_159' title='bbox 886 2506 955 2574; x_wconf 81' lang='grc' dir='ltr'>θεὸς</span> <span class='ocrx_word' id='word_1_160' title='bbox 976 2504 995 2586; x_wconf 79' lang='grc' dir='ltr'>ἢ</span> <span class='ocrx_word' id='word_1_161' title='bbox 1014 2507 1055 2586; x_wconf 78' lang='grc' dir='ltr'><strong>μὴ</strong></span> <span class='ocrx_word' id='word_1_162' title='bbox 1075 2507 1142 2574; x_wconf 74' lang='grc' dir='ltr'>θεὸς</span> <span class='ocrx_word' id='word_1_163' title='bbox 1164 2505 1234 2588; x_wconf 59' lang='lat' dir='ltr'><strong>iri</strong></span> 
     </span>
     <span class='ocr_line' id='line_1_22' title="bbox 135 2607 1232 2698; baseline -0.001 -24"><span class='ocrx_word' id='word_1_164' title='bbox 135 2613 239 2691; x_wconf 76' lang='grc' dir='ltr'>μέσον.</span> <span class='ocrx_word' id='word_1_165' title='bbox 272 2611 361 2698; x_wconf 84' lang='lat' dir='ltr'><strong>Cyel.</strong></span> <span class='ocrx_word' id='word_1_166' title='bbox 386 2610 458 2674; x_wconf 87' lang='lat'>218.</span> <span class='ocrx_word' id='word_1_167' title='bbox 481 2609 607 2689; x_wconf 79' lang='grc' dir='ltr'>μήλειον</span> <span class='ocrx_word' id='word_1_168' title='bbox 627 2607 646 2689; x_wconf 58' lang='lat' dir='ltr'><strong><em>h</em></strong></span> <span class='ocrx_word' id='word_1_169' title='bbox 665 2612 805 2692; x_wconf 84' lang='grc' dir='ltr'>βρότειον</span> <span class='ocrx_word' id='word_1_170' title='bbox 827 2608 846 2689; x_wconf 79' lang='grc' dir='ltr'>ἢ</span> <span class='ocrx_word' id='word_1_171' title='bbox 867 2608 1078 2690; x_wconf 56' lang='lat' dir='ltr'><strong>tremuerunt-&#39;¹</strong></span> <span class='ocrx_word' id='word_1_172' title='bbox 1099 2609 1232 2673; x_wconf 83' lang='lat' dir='ltr'><strong>GRIF·</strong></span> 
     </span>
    </p>
   </div>
   <div class='ocr_carea' id='block_1_4' title="bbox 136 2715 1212 2899">
    <p class='ocr_par' dir='ltr' id='par_1_6' title="bbox 136 2715 1212 2899">
     <span class='ocr_line' id='line_1_23' title="bbox 136 2715 1212 2899; baseline -0.005 -19"><span class='ocrx_word' id='word_1_173' title='bbox 136 2715 348 2898; x_wconf 51' lang='grc' dir='ltr'><strong>ΙηιἸίῗξιίετο</strong></span> <span class='ocrx_word' id='word_1_174' title='bbox 363 2815 519 2894; x_wconf 84' lang='grc' dir='ltr'>τερμόνων</span> <span class='ocrx_word' id='word_1_175' title='bbox 534 2813 584 2877; x_wconf 70' lang='grc' dir='ltr'><strong>ἐπὶ</strong></span> <span class='ocrx_word' id='word_1_176' title='bbox 596 2811 709 2899; x_wconf 84' lang='grc' dir='ltr'>πόγον]</span> <span class='ocrx_word' id='word_1_177' title='bbox 725 2814 841 2878; x_wconf 75' lang='lat' dir='ltr'><strong>Versus</strong></span> <span class='ocrx_word' id='word_1_178' title='bbox 855 2811 906 2876; x_wconf 85' lang='lat' dir='ltr'><strong>hie</strong></span> <span class='ocrx_word' id='word_1_179' title='bbox 920 2811 963 2875; x_wconf 78' lang='lat' dir='ltr'><strong>uic</strong></span> <span class='ocrx_word' id='word_1_180' title='bbox 975 2827 1022 2876; x_wconf 79' lang='lat' dir='ltr'><strong>est</strong></span> <span class='ocrx_word' id='word_1_181' title='bbox 1037 2811 1212 2876; x_wconf 74' lang='lat' dir='ltr'><strong>metiendus</strong></span> 
     </span>
    </p>
   </div>
   <div class='ocr_carea' id='block_1_5' title="bbox 134 3079 1236 3564">
    <p class='ocr_par' dir='ltr' id='par_1_7' title="bbox 134 3079 1235 3271">
     <span class='ocr_line' id='line_1_24' title="bbox 140 3079 1235 3169; baseline 0 -21"><span class='ocrx_word' id='word_1_182' title='bbox 140 3083 216 3148; x_wconf 77' lang='lat' dir='ltr'><strong>Alia</strong></span> <span class='ocrx_word' id='word_1_183' title='bbox 238 3082 334 3168; x_wconf 77' lang='lat' dir='ltr'><strong>hujus</strong></span> <span class='ocrx_word' id='word_1_184' title='bbox 356 3080 448 3145; x_wconf 80' lang='lat' dir='ltr'><strong>metri</strong></span> <span class='ocrx_word' id='word_1_185' title='bbox 469 3079 613 3168; x_wconf 83' lang='lat' dir='ltr'><strong>exempla</strong></span> <span class='ocrx_word' id='word_1_186' title='bbox 635 3079 728 3145; x_wconf 73' lang='lat' dir='ltr'><strong>attuli</strong></span> <span class='ocrx_word' id='word_1_187' title='bbox 751 3080 792 3144; x_wconf 85' lang='lat' dir='ltr'><strong>ad</strong></span> <span class='ocrx_word' id='word_1_188' title='bbox 815 3081 982 3169; x_wconf 86' lang='lat' dir='ltr'><strong>Aristoph.</strong></span> <span class='ocrx_word' id='word_1_189' title='bbox 1008 3081 1141 3168; x_wconf 78' lang='lat' dir='ltr'><strong>Lysistr.</strong></span> <span class='ocrx_word' id='word_1_190' title='bbox 1164 3097 1235 3164; x_wconf 84' lang='lat'><em>277.</em></span> 
     </span>
     <span class='ocr_line' id='line_1_25' title="bbox 134 3184 604 3271; baseline -0.013 -20"><span class='ocrx_word' id='word_1_191' title='bbox 134 3185 229 3271; x_wconf 67' lang='grc' dir='ltr'>ᾤχετο</span> <span class='ocrx_word' id='word_1_192' title='bbox 244 3186 350 3248; x_wconf 75' lang='grc' dir='ltr'>θῶπλα</span> <span class='ocrx_word' id='word_1_193' title='bbox 362 3184 513 3265; x_wconf 78' lang='grc' dir='ltr'>παραδοὺς</span> <span class='ocrx_word' id='word_1_194' title='bbox 528 3184 604 3263; x_wconf 80' lang='grc' dir='ltr'><strong>ἔμοί.</strong></span> 
     </span>
    </p>

    <p class='ocr_par' dir='ltr' id='par_1_8' title="bbox 180 3284 607 3371">
     <span class='ocr_line' id='line_1_26' title="bbox 180 3284 607 3371; baseline -0.007 -21"><span class='ocrx_word' id='word_1_195' title='bbox 180 3307 249 3371; x_wconf 83' lang='lat'>119.</span> <span class='ocrx_word' id='word_1_196' title='bbox 266 3286 366 3369; x_wconf 76' lang='grc' dir='ltr'>δρᾶτε]</span> <span class='ocrx_word' id='word_1_197' title='bbox 387 3284 607 3371; x_wconf 77' lang='grc' dir='ltr'>Ιτορεταῑὶναε.</span> 
     </span>
    </p>

    <p class='ocr_par' dir='ltr' id='par_1_9' title="bbox 180 3383 671 3474">
     <span class='ocr_line' id='line_1_27' title="bbox 180 3383 671 3474; baseline -0.006 -24"><span class='ocrx_word' id='word_1_198' title='bbox 180 3406 250 3451; x_wconf 87' lang='lat'>120.</span> <span class='ocrx_word' id='word_1_199' title='bbox 268 3386 364 3474; x_wconf 79' lang='grc' dir='ltr'>θεοῖς]</span> <span class='ocrx_word' id='word_1_200' title='bbox 380 3391 477 3449; x_wconf 81' lang='grc' dir='ltr'>θεοῖσι</span> <span class='ocrx_word' id='word_1_201' title='bbox 492 3383 569 3447; x_wconf 87' lang='lat' dir='ltr'><strong>Ald.</strong></span> <span class='ocrx_word' id='word_1_202' title='bbox 586 3383 671 3449; x_wconf 87' lang='lat' dir='ltr'>Rob.</span> 
     </span>
    </p>

    <p class='ocr_par' dir='ltr' id='par_1_10' title="bbox 182 3478 1236 3564">
     <span class='ocr_line' id='line_1_28' title="bbox 182 3478 1236 3564; baseline -0.007 -11"><span class='ocrx_word' id='word_1_203' title='bbox 182 3506 252 3553; x_wconf 82' lang='lat'><em>122.</em></span> <span class='ocrx_word' id='word_1_204' title='bbox 283 3485 419 3551; x_wconf 89' lang='lat' dir='ltr'><strong>Locutio</strong></span> <span class='ocrx_word' id='word_1_205' title='bbox 446 3485 617 3549; x_wconf 85' lang='lat' dir='ltr'><strong>Homerica</strong></span> <span class='ocrx_word' id='word_1_206' title='bbox 639 3501 686 3550; x_wconf 88' lang='lat' dir='ltr'><strong>est</strong></span> <span class='ocrx_word' id='word_1_207' title='bbox 710 3486 784 3552; x_wconf 72' lang='grc' dir='ltr'>Διὸς</span> <span class='ocrx_word' id='word_1_208' title='bbox 812 3486 916 3563; x_wconf 72' lang='grc' dir='ltr'>αὐλόν.</span> <span class='ocrx_word' id='word_1_209' title='bbox 948 3482 1012 3548; x_wconf 84' lang='grc' dir='ltr'><strong>Οό.</strong></span> <span class='ocrx_word' id='word_1_210' title='bbox 1038 3491 1076 3548; x_wconf 89' lang='grc' dir='ltr'><strong>Δ.</strong></span> <span class='ocrx_word' id='word_1_211' title='bbox 1102 3499 1154 3564; x_wconf 85' lang='grc'><strong>74.</strong></span> <span class='ocrx_word' id='word_1_212' title='bbox 1182 3478 1236 3546; x_wconf 88' lang='lat' dir='ltr'><strong>ubi</strong></span> 
     </span>
    </p>
   </div>
   <div class='ocr_carea' id='block_1_6' title="bbox 138 3578 1340 3672">
    <p class='ocr_par' dir='ltr' id='par_1_11' title="bbox 138 3578 1340 3672">
     <span class='ocr_line' id='line_1_29' title="bbox 138 3578 1340 3672; baseline -0.006 -18"><span class='ocrx_word' id='word_1_213' title='bbox 138 3589 326 3654; x_wconf 81' lang='lat' dir='ltr'><strong>Eustathiue</strong></span> <span class='ocrx_word' id='word_1_214' title='bbox 355 3587 440 3653; x_wconf 87' lang='lat' dir='ltr'><strong>hunc</strong></span> <span class='ocrx_word' id='word_1_215' title='bbox 464 3609 589 3651; x_wconf 77' lang='lat' dir='ltr'><strong>versum</strong></span> <span class='ocrx_word' id='word_1_216' title='bbox 615 3587 708 3651; x_wconf 81' lang='lat' dir='ltr'><strong>citat:</strong></span> <span class='ocrx_word' id='word_1_217' title='bbox 735 3586 877 3672; x_wconf 78' lang='lat' dir='ltr'><strong>sequitur</strong></span> <span class='ocrx_word' id='word_1_218' title='bbox 902 3583 1074 3672; x_wconf 77' lang='lat' dir='ltr'><strong>Euripides</strong></span> <span class='ocrx_word' id='word_1_219' title='bbox 1100 3582 1234 3671; x_wconf 90' lang='lat' dir='ltr'><strong>Hippol.</strong></span> <span class='ocrx_word' id='word_1_220' title='bbox 1333 3578 1340 3591; x_wconf 75' lang='grc'><strong><em>’</em></strong></span> 
     </span>
    </p>
   </div>
   <div class='ocr_carea' id='block_1_7' title="bbox 135 3689 1239 4587">
    <p class='ocr_par' dir='ltr' id='par_1_12' title="bbox 137 3689 621 3756">
     <span class='ocr_line' id='line_1_30' title="bbox 137 3689 621 3756; baseline -0.012 0"><span class='ocrx_word' id='word_1_221' title='bbox 137 3693 189 3756; x_wconf 88' lang='grc'><strong>68.</strong></span> <span class='ocrx_word' id='word_1_222' title='bbox 205 3693 302 3755; x_wconf 82' lang='grc' dir='ltr'>αῦλδν</span> <span class='ocrx_word' id='word_1_223' title='bbox 317 3691 421 3756; x_wconf 80' lang='grc' dir='ltr'>Ζανός.</span> <span class='ocrx_word' id='word_1_224' title='bbox 445 3689 621 3753; x_wconf 91' lang='lat' dir='ltr'><strong>BLOMF.</strong></span> 
     </span>
    </p>

    <p class='ocr_par' dir='ltr' id='par_1_13' title="bbox 135 3788 1239 4281">
     <span class='ocr_line' id='line_1_31' title="bbox 181 3788 1237 3878; baseline -0.004 -22"><span class='ocrx_word' id='word_1_225' title='bbox 181 3791 398 3878; x_wconf 88' lang='grc' dir='ltr'>εἰσοιχνεῦσιν]</span> <span class='ocrx_word' id='word_1_226' title='bbox 423 3792 628 3871; x_wconf 88' lang='grc' dir='ltr'>εἰσοιχνοῦσιν</span> <span class='ocrx_word' id='word_1_227' title='bbox 646 3788 861 3854; x_wconf 81' lang='lat' dir='ltr'><strong>Blomfieldue.</strong></span> <span class='ocrx_word' id='word_1_228' title='bbox 900 3789 1052 3854; x_wconf 81' lang='lat' dir='ltr'><strong>Vocabuli</strong></span> <span class='ocrx_word' id='word_1_229' title='bbox 1076 3789 1237 3852; x_wconf 79' lang='lat' dir='ltr'><strong>Homerici</strong></span> 
     </span>
     <span class='ocr_line' id='line_1_32' title="bbox 140 3888 1237 3975; baseline -0.005 -19"><span class='ocrx_word' id='word_1_230' title='bbox 140 3894 270 3957; x_wconf 80' lang='lat' dir='ltr'><strong>formam</strong></span> <span class='ocrx_word' id='word_1_231' title='bbox 288 3890 379 3954; x_wconf 85' lang='lat' dir='ltr'><strong>etiam</strong></span> <span class='ocrx_word' id='word_1_232' title='bbox 398 3890 598 3954; x_wconf 81' lang='lat' dir='ltr'><strong>Homericum</strong></span> <span class='ocrx_word' id='word_1_233' title='bbox 615 3913 752 3954; x_wconf 74' lang='lat' dir='ltr'><strong>servasse</strong></span> <span class='ocrx_word' id='word_1_234' title='bbox 766 3891 891 3955; x_wconf 79' lang='lat' dir='ltr'><strong>videtur</strong></span> <span class='ocrx_word' id='word_1_235' title='bbox 905 3889 1086 3975; x_wconf 79' lang='lat' dir='ltr'><strong>AEschylus.</strong></span> <span class='ocrx_word' id='word_1_236' title='bbox 1123 3888 1237 3975; x_wconf 69' lang='lat' dir='ltr'><strong>Odyse</strong></span> 
     </span>
     <span class='ocr_line' id='line_1_33' title="bbox 139 3991 1239 4076; baseline -0.001 -18"><span class='ocrx_word' id='word_1_237' title='bbox 139 4001 163 4071; x_wconf 91' lang='grc'><strong>1,</strong></span> <span class='ocrx_word' id='word_1_238' title='bbox 184 4013 253 4058; x_wconf 80' lang='lat'>120.</span> <span class='ocrx_word' id='word_1_239' title='bbox 269 3992 339 4056; x_wconf 72' lang='grc' dir='ltr'>οῦδό</span> <span class='ocrx_word' id='word_1_240' title='bbox 352 4017 404 4072; x_wconf 87' lang='grc' dir='ltr'><strong>μιν</strong></span> <span class='ocrx_word' id='word_1_241' title='bbox 420 3991 545 4075; x_wconf 84' lang='grc' dir='ltr'>(πότον)</span> <span class='ocrx_word' id='word_1_242' title='bbox 561 3994 744 4074; x_wconf 70' lang='grc' dir='ltr'>εἰσοιχνεῦσι</span> <span class='ocrx_word' id='word_1_243' title='bbox 760 3994 926 4075; x_wconf 77' lang='grc' dir='ltr'>κυνηγέται.</span> <span class='ocrx_word' id='word_1_244' title='bbox 949 3997 985 4056; x_wconf 92' lang='grc' dir='ltr'><strong>Ζ.</strong></span> <span class='ocrx_word' id='word_1_245' title='bbox 1004 4006 1074 4076; x_wconf 80' lang='grc'>157.</span> <span class='ocrx_word' id='word_1_246' title='bbox 1091 3993 1239 4056; x_wconf 87' lang='grc' dir='ltr'>λενσσόν-</span> 
     </span>
     <span class='ocr_line' id='line_1_34' title="bbox 138 4092 1238 4177; baseline 0 -20"><span class='ocrx_word' id='word_1_247' title='bbox 138 4119 197 4159; x_wconf 86' lang='grc' dir='ltr'><strong>των</strong></span> <span class='ocrx_word' id='word_1_248' title='bbox 211 4097 326 4159; x_wconf 90' lang='grc' dir='ltr'>τοιόνδε</span> <span class='ocrx_word' id='word_1_249' title='bbox 341 4094 433 4159; x_wconf 74' lang='grc' dir='ltr'>θόλοι</span> <span class='ocrx_word' id='word_1_250' title='bbox 446 4096 540 4175; x_wconf 83' lang='grc' dir='ltr'>χορὸν</span> <span class='ocrx_word' id='word_1_251' title='bbox 555 4095 774 4176; x_wconf 89' lang='grc' dir='ltr'>εἰσοιχνεῦσαν.</span> <span class='ocrx_word' id='word_1_252' title='bbox 805 4095 952 4157; x_wconf 85' lang='lat' dir='ltr'><strong>Ceterum</strong></span> <span class='ocrx_word' id='word_1_253' title='bbox 969 4092 1038 4156; x_wconf 85' lang='lat' dir='ltr'><strong>libri</strong></span> <span class='ocrx_word' id='word_1_254' title='bbox 1054 4095 1238 4177; x_wconf 84' lang='grc' dir='ltr'>εἰσοιχνεῦσι</span> 
     </span>
     <span class='ocr_line' id='line_1_35' title="bbox 135 4194 966 4281; baseline -0.005 -21"><span class='ocrx_word' id='word_1_255' title='bbox 135 4198 183 4260; x_wconf 83' lang='lat' dir='ltr'><strong>vel</strong></span> <span class='ocrx_word' id='word_1_256' title='bbox 198 4195 284 4281; x_wconf 89' lang='lat' dir='ltr'><strong>quod</strong></span> <span class='ocrx_word' id='word_1_257' title='bbox 300 4217 355 4258; x_wconf 81' lang='lat' dir='ltr'><strong>sex</strong></span> <span class='ocrx_word' id='word_1_258' title='bbox 369 4194 461 4258; x_wconf 89' lang='lat' dir='ltr'>codd.</span> <span class='ocrx_word' id='word_1_259' title='bbox 478 4210 511 4257; x_wconf 85' lang='lat' dir='ltr'><strong>et</strong></span> <span class='ocrx_word' id='word_1_260' title='bbox 526 4194 610 4258; x_wconf 87' lang='lat' dir='ltr'><strong>Rob.</strong></span> <span class='ocrx_word' id='word_1_261' title='bbox 625 4194 775 4258; x_wconf 82' lang='lat' dir='ltr'><strong>exhibent</strong></span> <span class='ocrx_word' id='word_1_262' title='bbox 791 4197 966 4277; x_wconf 86' lang='grc' dir='ltr'>εἰσιχνεῦσι.</span> 
     </span>
    </p>

    <p class='ocr_par' dir='ltr' id='par_1_14' title="bbox 135 4295 1237 4483">
     <span class='ocr_line' id='line_1_36' title="bbox 183 4295 1237 4384; baseline 0.002 -23"><span class='ocrx_word' id='word_1_263' title='bbox 183 4317 253 4384; x_wconf 84' lang='lat'>123.</span> <span class='ocrx_word' id='word_1_264' title='bbox 267 4297 401 4384; x_wconf 84' lang='grc' dir='ltr'>βροτῶν]</span> <span class='ocrx_word' id='word_1_265' title='bbox 418 4302 477 4360; x_wconf 93' lang='grc' dir='ltr'><strong>τῶν</strong></span> <span class='ocrx_word' id='word_1_266' title='bbox 489 4302 610 4378; x_wconf 81' lang='grc' dir='ltr'>βροτῶν</span> <span class='ocrx_word' id='word_1_267' title='bbox 623 4296 702 4359; x_wconf 87' lang='lat' dir='ltr'><strong>Ald.</strong></span> <span class='ocrx_word' id='word_1_268' title='bbox 718 4295 804 4360; x_wconf 88' lang='lat' dir='ltr'><strong>Rob.</strong></span> <span class='ocrx_word' id='word_1_269' title='bbox 820 4308 852 4358; x_wconf 86' lang='lat' dir='ltr'><strong>et</strong></span> <span class='ocrx_word' id='word_1_270' title='bbox 867 4316 920 4359; x_wconf 78' lang='lat' dir='ltr'><strong>sex</strong></span> <span class='ocrx_word' id='word_1_271' title='bbox 935 4295 1027 4360; x_wconf 79' lang='lat' dir='ltr'><strong>codd.</strong></span> <span class='ocrx_word' id='word_1_272' title='bbox 1043 4302 1111 4375; x_wconf 86' lang='grc' dir='ltr'>τῶν,</span> <span class='ocrx_word' id='word_1_273' title='bbox 1123 4296 1237 4363; x_wconf 73' lang='lat' dir='ltr'><strong>omisso</strong></span> 
     </span>
     <span class='ocr_line' id='line_1_37' title="bbox 135 4397 1015 4483; baseline -0.002 -22"><span class='ocrx_word' id='word_1_274' title='bbox 135 4406 265 4480; x_wconf 85' lang='grc' dir='ltr'>βροτῶν,</span> <span class='ocrx_word' id='word_1_275' title='bbox 279 4398 349 4463; x_wconf 87' lang='lat' dir='ltr'><strong>cod.</strong></span> <span class='ocrx_word' id='word_1_276' title='bbox 367 4397 456 4483; x_wconf 74' lang='lat' dir='ltr'><strong>Liprr.</strong></span> <span class='ocrx_word' id='word_1_277' title='bbox 1013 4462 1015 4466; x_wconf 73' lang='grc'>,</span> 
     </span>
    </p>

    <p class='ocr_par' dir='ltr' id='par_1_15' title="bbox 180 4497 985 4587">
     <span class='ocr_line' id='line_1_38' title="bbox 180 4497 985 4587; baseline -0.001 -23"><span class='ocrx_word' id='word_1_278' title='bbox 180 4520 253 4582; x_wconf 85' lang='lat'>124.</span> <span class='ocrx_word' id='word_1_279' title='bbox 269 4503 328 4582; x_wconf 86' lang='grc' dir='ltr'>φεῦ</span> <span class='ocrx_word' id='word_1_280' title='bbox 339 4500 414 4587; x_wconf 78' lang='grc' dir='ltr'>φεῦ]</span> <span class='ocrx_word' id='word_1_281' title='bbox 430 4498 464 4565; x_wconf 84' lang='grc' dir='ltr'><strong>αἰ</strong></span> <span class='ocrx_word' id='word_1_282' title='bbox 476 4497 510 4562; x_wconf 82' lang='grc' dir='ltr'><strong>αἴ</strong></span> <span class='ocrx_word' id='word_1_283' title='bbox 522 4513 585 4562; x_wconf 83' lang='lat' dir='ltr'><strong>tres</strong></span> <span class='ocrx_word' id='word_1_284' title='bbox 598 4497 693 4580; x_wconf 79' lang='lat' dir='ltr'><strong>eodd.</strong></span> <span class='ocrx_word' id='word_1_285' title='bbox 718 4498 811 4563; x_wconf 79' lang='lat' dir='ltr'><strong>Cous.</strong></span> <span class='ocrx_word' id='word_1_286' title='bbox 827 4499 868 4564; x_wconf 84' lang='lat' dir='ltr'><strong>ad</strong></span> <span class='ocrx_word' id='word_1_287' title='bbox 885 4521 915 4562; x_wconf 82' lang='lat' dir='ltr'><strong>v.</strong></span> <span class='ocrx_word' id='word_1_288' title='bbox 932 4500 985 4583; x_wconf 88' lang='lat'><strong>98.</strong></span> 
     </span>
    </p>
   </div>
   <div class='ocr_carea' id='block_1_8' title="bbox 679 4622 694 4662">
    <p class='ocr_par' dir='ltr' id='par_1_16' title="bbox 679 4622 694 4662">
     <span class='ocr_line' id='line_1_39' title="bbox 679 4622 694 4662; baseline 0 0"><span class='ocrx_word' id='word_1_289' title='bbox 679 4622 694 4662; x_wconf 86' lang='lat'><strong>1·</strong></span> 
     </span>
    </p>
   </div>
   <div class='ocr_carea' id='block_1_9' title="bbox 0 0 1499 5062">
    <p class='ocr_par' dir='ltr' id='par_1_17' title="bbox 0 0 1499 5062">
     <span class='ocr_line' id='line_1_40' title="bbox 0 0 1499 5062; baseline 0 0"><span class='ocrx_word' id='word_1_290' title='bbox 0 0 1499 5062; x_wconf 95' lang='lat' dir='ltr'><strong> </strong></span> 
     </span>
    </p>
   </div>
  </div>
 </body>
</html>
