2978 5062
337 344 405 408 AD
429 342 622 409 SEPTEM
646 341 895 406 ADVERSUS
918 340 1119 405 THEBAS.
1216 342 1277 405 141

173 511 233 598 piti
248 509 449 575 terminatum
471 533 491 574 a
512 524 606 598 poeta
619 532 694 589 csse,
711 532 812 596 quum
834 510 988 596 producta
1010 509 1056 573 nti
1076 509 1109 573 in
1129 524 1278 597 promptu

174 628 264 677 efflet.

221 734 292 796 109.
307 713 521 798 πολισσοῦχοι]
538 712 670 778 Codices
684 712 750 777 duo
763 717 951 796 πολισοῦχοι,
968 734 1050 777 unus
1070 718 1278 798 πολινσοῦχοι.
1360 730 1364 735 “

174 822 334 899 πολιοῦχοι
350 815 452 881 Viteb.
464 815 625 903 adscripto
638 823 849 900 πολισσοῦχοι.
871 823 1031 900 πολιοῦχοι
1047 819 1085 881 C.
1105 816 1192 904 quod
1212 840 1279 882 oor·

175 933 306 1005 ruptum
328 933 436 983 estex
457 918 630 1002 πολιάοχοι,
653 919 739 1005 quod
764 918 844 984 alius
868 919 967 983 codex
990 920 1151 984 Parisinus
1172 935 1204 983 ct
1228 921 1279 983 M.

176 1035 353 1084 servarunt.
400 1020 486 1083 Hinc
501 1020 698 1085 scribendum

308 1122 372 1185 θεοὶ
385 1124 525 1204 πολίοχοι
541 1123 653 1204 χθονός
666 1159 688 1169 -
702 1155 724 1185 υ
738 1159 760 1169 -

178 1226 256 1288 Post
277 1223 388 1306 χθονὸς
408 1222 592 1286 exciderunt
614 1223 742 1309 syllabae
762 1238 825 1288 tres
849 1249 868 1288 a
892 1239 1080 1289 consonante
1098 1224 1280 1311 incipientes

179 1327 325 1408 (fortasse
341 1326 529 1407 πρευμενεῖς)
546 1324 593 1388 vel
615 1340 767 1411 quattuor
782 1358 804 1390 o
819 1359 840 1388 υ
854 1357 876 1391 o
889 1364 923 1404 -,
946 1327 971 1389 si
992 1350 1010 1390 a
1034 1326 1132 1391 vocali
1153 1326 1277 1414 incepe-

178 1443 263 1493 runt.
310 1429 362 1491 De
386 1427 488 1490 forma
511 1426 654 1513 adjectivi
679 1429 824 1511 πολίοχος
854 1428 945 1492 etiam
976 1427 1050 1492 alibi
1079 1429 1121 1493 ab
1146 1428 1280 1493 librariis

176 1532 344 1595 obscurata
358 1529 424 1593 dixi
439 1528 479 1592 ad
495 1529 609 1614 Eurip.
625 1528 723 1593 Rbcs.
741 1531 816 1595 821.
831 1529 915 1594 etad
932 1530 1097 1618 Aristopb.
1114 1532 1192 1618 Lys.
1203 1546 1279 1617 345.

179 1635 253 1699 Non
277 1631 461 1717 repugnabo
485 1644 587 1694 tamen
614 1629 639 1694 si
660 1629 733 1715 quis
754 1633 818 1695 θεοὶ
840 1632 1001 1716 πολιάοχοι
1027 1634 1189 1720 praeferat:
1214 1656 1280 1720 quo

178 1751 272 1822 pacto
286 1736 350 1799 θεοὶ
365 1732 613 1818 monosyllabum
630 1731 699 1797 erit.

226 1865 297 1909 110.
316 1842 353 1908 ἴτ’
376 1845 420 1907 ire
441 1842 524 1907 Rob.
544 1855 575 1905 et
594 1841 715 1905 codices
736 1841 889 1929 plerique,
912 1844 1005 1930 pauci
1024 1867 1096 1909 cum
1117 1846 1225 1932 Steph.
1240 1845 1278 1910 ἴθ’

179 1951 233 2021 ῐτε,
249 1945 370 2030 dequo
385 1944 498 2007 mirum
514 1959 723 2007 commentum
748 1942 919 2008 scholiastae
941 1945 1119 2009 recentioris
1140 1962 1186 2010 est
1201 1948 1280 2013 τινὲς

178 2047 215 2112 ἴτ’
230 2051 275 2112 ἴτε
297 2048 384 2129 φασὶ,
401 2051 448 2111 διὰ
463 2049 496 2111 δὲ
511 2047 545 2109 τὸ
561 2048 736 2128 κακόφωνοι
752 2044 827 2109 εἶναι
849 2046 883 2109 τὸ
905 2072 931 2119 τ,
949 2047 983 2110 τὸ
1003 2052 1021 2110 θ
1041 2050 1216 2128 προελήφθη
1237 2050 1278 2134 τῷ

179 2153 295 2238 ποιητῇ.
340 2147 462 2212 Eodem
486 2147 566 2211 redit
586 2146 704 2210 Aldina
725 2147 879 2234 scriptura
899 2152 985 2212 ἴθιτε.
1009 2153 1087 2213 ἴδετε
1108 2149 1277 2236 interpola·

181 2266 247 2316 tum
263 2275 283 2315 a
298 2251 460 2314 Tumebo.
494 2250 567 2313 Non
583 2249 871 2313 animadverterunt
885 2265 989 2313 autem
1004 2251 1100 2314 critici
1115 2251 1155 2315 ad
1172 2274 1279 2316 versus

178 2353 388 2440 integritatem
412 2352 562 2439 syllabam
580 2373 673 2415 unam
689 2350 866 2429 desiderari,
882 2374 946 2438 qua
965 2352 1108 2416 restituta
1122 2367 1222 2417 metra
1235 2352 1278 2417 sic

179 2466 253 2517 sunt
268 2451 481 2530 describenda,

352 2553 387 2619 ἴτ’
403 2558 447 2618 ἴτε
461 2553 570 2620 πάντες
584 2550 644 2630 ὧδ’,
659 2507 737 2618 ibere
751 2553 909 2635 παρθένων

354 2655 466 2720 ἱκέσιον
479 2655 576 2737 λόχον
591 2656 776 2723 δουλοσύνας
788 2657 872 2738 ὕπερ.

227 2779 298 2844 113.
313 2758 498 2822 δουλοσύνας
513 2759 648 2820 A.C.M.
663 2757 779 2843 aliique
793 2757 945 2822 nonnulli.
971 2759 1075 2844 Vulgo
1085 2758 1277 2836 δουλοσύνης.

226 2883 299 2942 114.
324 2863 383 2941 γάρ
408 2872 492 2921 recte
517 2855 601 2921 delet
627 2857 819 2923 Ritschelius
841 2857 927 2945 apud
953 2860 1128 2946 Engerum.
1165 2860 1280 2921 Versus

179 2978 285 3029 autem
301 2961 344 3026 sic
359 2974 433 3023 sunt
448 2957 643 3022 describendi

354 3068 429 3141 κῦμα
443 3061 511 3141 περὶ
523 3063 631 3125 πτόλιν
645 3065 842 3144 δοχμολοφῦυ
856 3063 971 3143 άνδρῦν

354 3162 495 3247 καχλάζει
509 3168 614 3229 πνοαῖς
624 3162 734 3244 Ἀρεος
748 3165 903 3243 ὀρόμενον.

222 3266 342 3351 πτόλιν]
356 3268 448 3330 πόλιν
461 3264 582 3351 aliquot
596 3264 689 3329 codd.
705 3279 737 3328 et
752 3263 830 3327 Ald.

228 3389 298 3452 115.
321 3367 534 3451 δοχμολόφων]
558 3366 698 3453 Hesycb.
724 3366 933 3448 Δοχρόλοφοι.
968 3368 997 3428 ol
1021 3368 1053 3428 ἐκ
1076 3370 1128 3428 τοῦ
1150 3365 1280 3446 πλαγίου

180 3471 247 3538 τοὺς
261 3473 375 3551 λόφους
393 3468 526 3549 ἔχοντες.
560 3466 663 3532 Schol.
679 3470 722 3531 A.
739 3468 938 3549 δοχμολόφων
951 3468 995 3542 δὲ,
1011 3472 1069 3530 τῶν
1085 3467 1281 3530 ἐπινευόντων
1351 3518 1354 3523 .

180 3574 249 3640 τοὺς
270 3573 394 3652 λόφους,
416 3570 481 3648 ἤτοι
504 3572 541 3633 τὸ
563 3569 654 3651 κράνη
677 3569 759 3634 αὐτά·
783 3570 818 3632 ἐν
841 3570 899 3648 γὰρ
924 3571 960 3653 τῇ
985 3567 1097 3646 κινήσει
1122 3568 1281 3648 συμβαίνει

181 3674 399 3755 πλαγιάζεσθαι
420 3673 487 3739 τοὺς
508 3674 631 3755 λόφους·
655 3669 674 3749 ἢ
696 3672 906 3754 δοχμολόφων,
923 3674 981 3733 τῶν
1002 3671 1209 3751 κορυθαιόλων·
1234 3671 1281 3734 καὶ

176 3773 312 3857 ’Όμηρος
326 3775 386 3856 ἔφη
403 3773 456 3856 (ΙΙ.
468 3780 502 3852 Β,
516 3776 602 3856 816.)
620 3776 811 3855 κορυθαίολος
820 3770 946 3852 Ἕκτωρ.
963 3772 1138 3835 BLOMF.
1162 3768 1281 3858 Aptius

181 3877 295 3941 borum
321 3898 467 3939 versuum
494 3876 624 3940 dialecto
650 3891 696 3938 est
724 3879 929 3958 δοχμολοφῖιν,
956 3873 1042 3961 quod
1067 3885 1148 3937 recte
1177 3872 1281 3958 posuit

182 3976 374 4042 Brunckius.

224 4078 382 4163 καχλάζει]
405 4078 566 4160 καγχλάζει
588 4076 665 4140 Ald.
683 4076 768 4141 Rob.
815 4075 866 4141 Sic
889 4077 1046 4161 καγχάζειν
1068 4099 1126 4165 pro
1142 4076 1281 4160 καχάζειν

180 4180 313 4244 scribere
328 4178 428 4243 solent
443 4176 571 4242 librarii.

223 4281 344 4366 πνοαῖς]
360 4285 501 4344 πυοαῖσιν
516 4279 600 4343 Rob.

229 4386 301 4446 116.
319 4381 442 4467 Ἀρεος]
460 4384 554 4463 άρεος
569 4379 670 4444 Viteb.

225 4485 387 4570 ὀρόμενον]
403 4485 567 4565 όρρόμενον
580 4481 701 4547 codices
716 4482 823 4568 plures
837 4497 869 4546 et
884 4481 962 4546 Ald.
979 4484 1061 4549 Rob.
