2978 5062
632 287 900 351 PRAEFATIO.
1272 289 1294 353 9

192 457 308 528 solum
334 455 497 527 lectionis
513 459 731 540 varietatem,
750 460 812 528 ssd
835 468 873 529 et
890 481 910 528 e
930 456 1031 531 Cant.
1053 485 1080 528 1.
1099 458 1232 529 scholia
1256 460 1293 527 in

193 570 318 643 Persas
335 572 592 665 descripsimus,
610 597 688 666 quac
714 571 920 644 Stanleiana
936 572 1070 645 scholia
1086 573 1129 642 Β.
1147 575 1183 642 in
1207 572 1293 643 Pro-

192 686 377 758 metheum
394 695 433 757 et
450 686 598 779 Septem
623 688 830 758 continuare
855 689 999 781 possint.
1051 688 1293 760 Pulcherrima

192 803 344 893 scriptus
360 811 416 871 est
437 824 519 872 cum
541 801 666 896 glossis
687 804 796 873 etiam
820 802 1111 884 interlinearibus,
1129 826 1206 895 quae
1231 804 1294 873 ob-

191 924 377 985 servantur
409 917 518 987 etiam
552 919 589 987 in
618 917 718 991 Cant.
751 942 781 988 2.
811 927 850 988 et
880 918 916 986 in
946 927 1096 1009 utroque
1125 941 1148 988 a
1180 919 1294 1009 prima

192 1053 312 1100 manu.
364 1029 630 1124 Suprascriptus
664 1043 720 1103 cst
753 1033 881 1126 passim
915 1029 1016 1104 Cant.
1045 1055 1076 1102 2.
1111 1034 1292 1102 arecenti

192 1167 310 1228 manu,
332 1145 541 1238 plerumque
558 1170 656 1218 eraso
674 1150 769 1240 quod
786 1150 882 1241 prius
899 1150 1069 1240 scriptum
1087 1148 1213 1229 fuerat,
1230 1149 1293 1219 sed

194 1262 428 1332 correctiones
453 1262 566 1333 istoea
589 1263 710 1334 codice
734 1264 833 1335 bonae
859 1273 952 1334 notae
968 1265 1155 1356 descriptae
1173 1264 1293 1335 viden-

194 1383 261 1458 tur,
284 1376 494 1468 plerumque
519 1400 542 1446 a
559 1375 659 1450 Cant.
680 1404 709 1447 1.
748 1377 858 1449 Porro
875 1380 911 1448 in
930 1378 1031 1452 Cant.
1054 1405 1081 1449 1.
1104 1379 1184 1449 finis
1207 1377 1292 1449 Per·

194 1513 310 1561 sarum
327 1491 475 1562 mutilus
492 1492 578 1561 est.’'
624 1494 950 1586 cantabrigiensem
975 1502 1167 1585 utrumque
1183 1494 1292 1564 etiam

195 1604 426 1677 Blomfieldus
443 1606 608 1698 inspexit.

247 1727 297 1790 18.
321 1720 400 1803 Ar,
416 1719 682 1791 Amndelianus
699 1722 787 1810 (sive
806 1721 1051 1814 Seldenianus)
1070 1720 1292 1792 bibliothecae

194 1833 406 1938 Bodleianae,
432 1857 555 1906 recens
578 1835 793 1918 chartaceus,
812 1838 943 1929 dequo
964 1837 1036 1907 vid.
1056 1836 1229 1907 Gaisford.
1247 1837 1293 1907 ad

196 1948 377 2043 Hephaest.
395 1973 428 2042 p.
448 1974 522 2038 242.
566 1950 695 2021 Insunt
711 1950 954 2034 Prometheus,
972 1950 1130 2044 Septem,
1150 1949 1275 2022 Persae.

248 2088 297 2155 19.
323 2063 470 2137 Barcae.
488 2067 529 2156 (s.
548 2065 775 2159 Oxoniensis)
793 2066 950 2157 ejusdem
975 2064 1200 2137 bibliothecae
1218 2091 1291 2157 231.

195 2201 316 2249 recens
333 2179 549 2265 chartaceus,
567 2183 714 2253 editioni
731 2181 872 2251 Aldinae
889 2180 1097 2251 simillimus.
1149 2178 1292 2250 Fabuloe

195 2294 338 2364 eaedem.

244 2407 477 2480 Arundeliani
507 2420 545 2481 et
579 2410 784 2482 Barocciani
814 2418 981 2503 excerpta
1009 2407 1158 2502 protulit
1188 2405 1293 2477 Stan-

196 2519 295 2604 leius,
312 2525 510 2596 accuratius
532 2525 680 2597 collatos
703 2525 829 2596 habuit
846 2524 1037 2595 Askevius.
1080 2522 1293 2595 Arundelia·

195 2661 281 2708 num
311 2639 427 2709 denuo
455 2641 609 2712 contulit
639 2641 854 2724 Gaisfordus,
882 2641 1137 2713 Baroccianum
1168 2635 1293 2708 Porsu-

195 2776 280 2825 nus:
306 2778 457 2847 quorum
473 2759 651 2849 excerptis
668 2779 751 2828 usus
768 2766 822 2828 est
840 2755 1081 2828 Blomlieldus.
1128 2755 1292 2846 Utroque

195 2870 230 2941 in
248 2870 396 2964 Septem
422 2873 467 2942 ad
484 2872 623 2943 Thebas
640 2873 748 2942 etiam
775 2872 955 2942 Burtonus
978 2881 1015 2942 et
1032 2872 1185 2941 Thomas
1202 2870 1293 2939 Bur-

194 2986 338 3078 gessius,
357 2985 573 3082 Pentalogiae
590 2991 732 3082 tragicae
748 2988 911 3070 editores,
929 2989 983 3058 usi
1001 2995 1093 3058 sunt.

246 3126 298 3175 20.
311 3127 362 3171 21.
377 3100 611 3197 “Moaq.1.et
624 3129 655 3176 2.
669 3106 713 3174 de
731 3105 858 3196 quibus
871 3103 1083 3173 Schuetzius
1093 3100 1197 3170 vol.1.
1211 3124 1245 3192 p.
1259 3123 1291 3169 v.

245 3214 418 3310 “Mmqu.
440 3243 468 3288 1.
496 3217 722 3310 Mosquensis
744 3218 863 3291 seculo
893 3240 942 3307 15.
968 3226 1031 3286 aut
1052 3241 1102 3302 14.
1129 3216 1291 3306 scriptus,
1425 3237 1427 3242 ·

196 3331 409 3415 chartaceus,
427 3332 651 3404 bibliotheca.
677 3334 844 3405 Sanctiss.
872 3331 1015 3423 Synodi,
1031 3338 1103 3414 4t0,
1125 3328 1198 3398 No.
1217 3350 1290 3418 259.

195 3449 232 3517 in
257 3446 350 3517 foliis
374 3473 447 3520 212.
478 3448 635 3541 AEschyli
667 3447 920 3519 Prometheum
946 3444 1115 3525 vinctum,
1143 3441 1291 3534 Septem

195 3562 273 3632 adv.
299 3563 449 3648 Thebas,
476 3563 609 3645 Persas,
638 3562 816 3658 Euripidis
847 3560 1035 3632 Hecubam
1065 3566 1103 3628 et
1125 3556 1291 3628 Orestem

196 3678 410 3749 continens.”

246 3805 266 3833 ‘⁶
282 3793 421 3888 Moaqu.
442 3820 471 3868 2.
490 3795 659 3887 Ejusdem
677 3793 900 3866 bibliothecae
918 3799 994 3863 8vo.
1012 3791 1084 3861 No.
1099 3813 1174 3881 392.
1193 3787 1293 3857 char-

196 3918 327 3990 taceus,
344 3907 456 3979 folior.
476 3934 548 3981 210.
567 3909 686 3980 seculo
707 3935 756 4000 15·
775 3918 837 3978 aut
859 3916 907 3977 16.
925 3908 1086 3996 scriptus.
1121 3900 1292 3972 Continet

196 4021 381 4115 Sophoclis
406 4023 556 4115 Ajacem
582 4034 620 4095 et
647 4025 825 4095 Electram
854 4043 935 4089 cum
961 4015 1117 4109 AEschyli
1148 4015 1292 4085 Prome-

195 4138 279 4209 theo
313 4147 350 4209 et
378 4138 525 4231 Septem
559 4139 638 4209 adv.
665 4138 813 4208 Thebas.
857 4134 1052 4224 Utriusque
1086 4138 1290 4223 excerptam

197 4252 358 4324 lectionis
376 4256 584 4324 varietatem
601 4251 765 4324 Maubai
781 4249 993 4322 humanitati
1011 4246 1211 4319 debemus?

246 4394 298 4439 22.
318 4395 369 4460 23.
405 4367 485 4439 Van.
508 4395 534 4438 1.
552 4377 590 4438 et
616 4366 697 4438 Ven.
716 4395 747 4440 2.
764 4379 836 4438 tres
861 4375 1009 4456 uterque
1035 4363 1170 4435 fabulas
1195 4382 1291 4430 com-

731 4505 754 4552 n
