2978 5062
254 325 318 386 252
615 322 992 388 ANNOTATIONES

256 503 309 553 tur
331 489 471 574 neglecta
493 503 562 575 post
582 490 746 554 secundam
766 488 925 576 dipodiam
947 510 1085 552 caesura:
1110 487 1201 573 cujus
1221 485 1361 551 alterum

255 590 295 653 de
310 590 435 674 tragicis
448 592 627 678 exemplum
644 608 690 655 est
705 591 790 677 apud
807 592 904 677 Soph.
922 590 1056 654 Philoct.
1072 610 1162 670 1402.

343 699 383 755 N.
401 697 427 756 εἰ
442 700 523 757 δοκεῖ
535 696 710 776 στείχωμεν.
755 698 794 756 Φ.
810 691 833 755 ὦ
848 699 990 774 γενναῖον
1005 695 1124 774 εἰρηκὼς
1139 693 1219 758 ἔπος.

258 795 368 858 Minus
383 811 501 858 certum
519 795 682 882 Euripidis
696 810 742 858 est
758 793 863 880 Iphig.
881 792 960 856 Aul.
978 813 1070 879 1391.

298 898 524 981 ταῦτα-πάρα]
545 899 667 962 Locum
683 897 726 960 sic
742 912 844 959 vertas
858 897 993 982 Propter
1006 897 1075 960 δαν
1089 897 1208 982 θυρίον
1225 895 1304 957 mitt
1319 896 1358 957 in

254 1010 354 1063 incole
368 1010 413 1063 cst
427 1001 597 1085 ineffabilis
610 1000 785 1076 solicitudo,
801 1008 837 1061 nt
851 1020 907 1061 nec
920 1021 1013 1083 opum
1035 1000 1262 1062 abundantiam
1286 998 1360 1061 sinc

255 1104 337 1165 viria
351 1102 467 1166 honoro
478 1105 628 1188 prosequi
644 1103 820 1189 cmztingnt,
837 1121 914 1164 neve
935 1101 1035 1178 nobie,
1049 1103 1119 1164 sine
1134 1103 1245 1187 opibus
1266 1100 1359 1163 relic-

254 1205 306 1282 tis,
329 1204 364 1266 td
388 1205 507 1266 decoris
532 1205 697 1290 officlgcot,
722 1205 838 1268 scilicet
860 1213 980 1290 quantu
1007 1205 1057 1267 vis
1082 1204 1243 1268 hominum
1265 1203 1358 1266 nodis

253 1315 411 1392 suppetat.
436 1307 610 1368 BLOMF.

301 1408 371 1470 168.
387 1408 463 1487 ἀμφὶ
479 1405 503 1470 δ’
519 1410 686 1487 ὀφθαλμοῖς
709 1409 819 1493 φόβος]
847 1410 933 1472 Duae
947 1408 987 1472 de
1008 1409 1066 1472 hoc
1089 1408 1157 1472 loco
1178 1422 1303 1473 exstant
1321 1407 1356 1471 in

253 1508 377 1572 scholiis
391 1508 617 1585 annotationes,
632 1508 728 1572 altera
743 1508 822 1588 haec,
839 1510 904 1573 ἔστι
918 1514 976 1593 γδρ
990 1513 1060 1591 ἡμῖν
1073 1516 1202 1577 πλοῦτος
1216 1510 1355 1591 δμεμφὴς

254 1612 303 1674 καὶ
317 1612 458 1690 ἄφθονος,
475 1612 648 1690 δεδοίκαμεν
663 1613 695 1674 δὲ
711 1614 759 1674 διδ
774 1611 808 1674 τὸ
821 1611 862 1691 μὴ
882 1612 966 1694 ἔχειν
980 1614 1097 1694 ἄνδρας·
1120 1613 1281 1694 ὀφθαλμὸν
1295 1616 1356 1694 γδρ

254 1715 302 1776 καὶ
323 1719 387 1795 φῶς
408 1713 463 1791 τὴν
481 1717 534 1775 τοῦ
554 1714 699 1776 δεσπότου
721 1716 888 1795 παρουσίαν
906 1715 1021 1793 νομίζω.
1044 1714 1154 1793 altera,
1168 1716 1261 1795 ἤγουν
1276 1717 1356 1797 ἀμφὶ

253 1820 293 1901 τῷ
325 1817 430 1901 Ξέρξῃ·
463 1816 623 1897 ὀφθαλμὸν
651 1820 709 1899 γδρ
739 1819 853 1881 ἐκεῖνον
884 1823 978 1881 καλεῖ.
1023 1817 1176 1882 Absurde
1207 1833 1354 1904 utraque.

255 1919 353 1997 Recte
376 1917 528 1982 intellexit
553 1918 749 1997 Schuetzius,
776 1922 893 1984 circum
918 1922 1024 1984 oculos
1044 1943 1125 1985 meos
1150 1923 1254 1985 timor.
1301 1919 1354 1984 Sic

254 2021 367 2107 Eurip.
392 2021 497 2107 Iphig.
518 2024 560 2084 A.
586 2037 677 2105 1127.
703 2024 742 2089 ὥς
764 2049 815 2102 μοι
839 2023 950 2088 πάντες
976 2025 1017 2089 εἰς
1040 2022 1074 2086 ἓν
1098 2023 1185 2101 ἥκετε
1203 2023 1355 2105 σύγχυσιν

254 2125 374 2205 ἔχοντες
389 2125 437 2187 καὶ
451 2123 603 2205 ταραγμὸν
618 2124 766 2204 ὀμμάτων.
811 2127 912 2203 Quem
936 2124 1039 2189 locum
1056 2123 1248 2210 comparavit
1263 2123 1354 2188 Scid-

253 2225 344 2290 lerus.

300 2331 371 2414 169.
388 2330 623 2413 ὄμμα-δόμων]
640 2331 679 2391 In
693 2328 835 2415 Choeph.
848 2348 922 2413 932.
945 2330 1072 2393 Orestes
1086 2327 1203 2392 dicitur
1212 2327 1353 2410 Ὀφθαλ-

253 2432 306 2511 μδς
327 2435 424 2495 οἴκων.
462 2431 576 2517 Eurip.
597 2431 753 2494 Androm.
771 2433 846 2509 406.
869 2432 922 2498 Εἲς
944 2437 1014 2498 παῖς
1035 2429 1077 2494 ὅδ’
1103 2431 1141 2510 ἦν
1163 2457 1215 2511 μοι
1234 2430 1353 2506 λοιπὸς,

252 2533 410 2615 ὀφθαλμὸς
423 2536 503 2613 βίον.
531 2533 677 2619 Sophocl.
694 2534 773 2597 (Ed.
791 2535 831 2596 T.
849 2534 922 2617 987.
939 2533 997 2595 Καὶ
1010 2533 1069 2612 μὴν
1082 2532 1176 2614 μίγας
1190 2531 1218 2613 γ’
1234 2535 1352 2613 ὀφθαλ-

251 2635 307 2714 μδς
332 2639 361 2698 οἱ
383 2635 494 2715 πατρὸς
517 2634 616 2715 τάφοι.
655 2635 784 2698 Pindar.
807 2634 859 2698 Ol.
883 2655 911 2711 2,
935 2636 986 2698 16.
1009 2633 1105 2716 Ἱερὸν
1127 2635 1221 2716 ἔσχον
1245 2636 1352 2713 οἴκημα

251 2743 394 2817 ποταμοῦ,
412 2740 548 2803 Σικελίας
569 2739 593 2798 τ’
610 2737 685 2800 ἔσαν
700 2739 865 2818 ὀφθαλμός.
900 2736 951 2801 Ol.
967 2740 998 2814 6,
1016 2755 1067 2819 27.
1088 2736 1195 2800 Πυθέω
1210 2742 1353 2817 στρατιᾶς

250 2837 432 2919 Ὀφθαλμὸν
447 2841 526 2917 ἐμᾶς.
574 2837 729 2901 Stanleius
743 2852 901 2924 comparat
918 2838 1021 2903 Plaut.
1039 2838 1187 2902 Pseudol.
1206 2859 1234 2914 1,
1251 2857 1281 2916 2,
1296 2841 1350 2917 46.

256 2942 320 3005 Uti
338 2942 393 3004 isti
408 2949 483 3003 sont
500 2941 612 3026 quibos
628 2961 682 3002 vos
704 2942 785 3003 oculi
802 2942 888 3018 ostia,
904 2942 1016 3027 quihus
1037 2943 1117 3019 cito,
1133 2941 1245 3028 quibas
1259 2941 1352 3005 Deli·

250 3046 307 3107 cc'ae
321 3044 421 3106 estis?
445 3043 620 3105 BLOMF.

254 3203 257 3208 ,
297 3161 367 3227 171.
383 3144 511 3227 γένεσθε
527 3145 619 3207 B.M.
643 3145 765 3225 γίνεσθε
781 3144 886 3230 vulgo.

293 3249 442 3335 γηραλέα]
468 3247 688 3324 Scribendum,
704 3247 753 3310 vel
772 3246 1043 3334 pronunciandum
1060 3262 1153 3322 certe,
1170 3251 1295 3327 γηραλᾶ,
1314 3262 1352 3311 ut

249 3351 383 3434 θργαλέη
405 3351 437 3413 in
462 3352 579 3432 ὰργαλῆ
598 3365 645 3412 est
662 3364 873 3412 contractum:
897 3348 937 3412 de
960 3372 1024 3434 quo
1046 3349 1112 3414 dixi
1134 3349 1165 3412 in
1183 3349 1352 3413 Thesauro

252 3454 401 3541 Stephani
417 3478 441 3517 s.
458 3477 487 3515 v.
503 3451 658 3535 γηραλέος.

295 3574 366 3639 174.
405 3559 446 3620 ὧν
476 3556 513 3618 ἂν
541 3557 661 3632 δύναμις
690 3555 830 3635 ἡγεῖσθαι
859 3555 943 3633 θέλῃ,
973 3568 1047 3641 apta
1075 3555 1351 3620 circumlocutione

248 3665 307 3722 τῶν
322 3665 462 3722 δυνατῶν.
509 3659 690 3741 Antequam
707 3655 789 3719 enim
804 3655 923 3742 aliquid
942 3657 1102 3737 faciamus,
1117 3658 1206 3744 quasi
1224 3660 1352 3744 praeire

249 3761 343 3825 debet
358 3759 495 3824 faciundi
510 3773 656 3844 potestas.
680 3759 778 3822 SCH.

293 3879 346 3962 ὧν]
362 3879 400 3944 ὡς
416 3876 500 3940 Rob.

293 3995 425 4080 δύναμις]
441 3995 578 4075 δυνάμεις
594 3997 645 4057 Μ.

293 4134 380 4220 νοῃ]
396 4101 480 4196 col
496 4134 544 4195 M.
569 4133 652 4196 να..
668 4131 745 4196 stu.
763 4133 846 4206 nos,

296 4253 365 4334 176.
381 4252 439 4335 aa]
457 4253 514 4314 nc
530 4235 633 4313 auin.

296 4372 366 4451 178.
384 4369 536 4433 Deleatur
551 4392 672 4432 comma
686 4384 758 4455 post
772 4371 895 4450 οἴχεται.

295 4491 363 4553 181.
388 4513 438 4567 μοι
452 4488 539 4552 deest
553 4487 585 4550 in
601 4488 651 4551 M.
676 4487 824 4565 εὐείμονες
839 4483 917 4548 Ald.
936 4487 1039 4548 Turn.
1078 4483 1249 4549 Scholiasta
1270 4484 1346 4549 citat
