2978 5062
254 328 297 389 44
613 327 994 393 ANNOTATIONES

299 496 370 574 146.
395 495 526 579 πέτραις]
555 494 648 580 πέτρα
667 497 710 559 Α.
734 511 766 559 et
786 495 893 559 decern
916 495 987 558 nlii:
1011 494 1097 581 quod
1121 494 1353 580 pro-ferendum

254 594 379 658 videtur
393 611 522 682 propter
535 595 695 681 proximos
705 596 826 660 dativos
841 594 935 660 ταῖσδ’
951 595 1215 675 ἀδαμαντοδέτοισι
1226 599 1344 674 λύμαις.

301 711 370 778 147.
401 695 496 761 ταῖσδ’
517 697 626 784 Steph.
667 704 731 765 τοῖς
753 697 829 762 Ald.
855 697 938 761 Rob.
967 699 1070 759 Turn.
1100 712 1133 759 et
1157 696 1250 759 codd.
1278 719 1354 759 non-

253 796 341 861 nulli.
387 799 487 862 Recte
508 799 638 863 fortusse
658 798 828 863 Elmsleius
850 797 924 882 τᾷδ’,
941 797 1054 863 collato
1069 821 1099 862 v.
1116 798 1189 882 968.
1205 799 1276 882 τῇδε
1295 805 1352 861 λα.

252 900 368 980 τρεύειν
382 900 484 986 πέτρᾳ.

294 1000 559 1082 ἀδαμαντοδέτοισι
575 1002 679 1064 Turn.
702 1000 947 1081 ἀδαμαντοδέτοις
963 1001 1012 1063 Μ.
1030 998 1107 1062 Ald.
1123 999 1208 1062 Rob.

298 1121 309 1164 ι
315 1117 369 1186 50.
385 1101 511 1186 ἀθέτως]
527 1100 618 1166 Libri
633 1102 780 1182 ἀθέσμοις.
803 1101 1015 1166 Emendatum
1028 1125 1066 1164 ex
1080 1100 1251 1187 Hesychio‚
1266 1100 1353 1165 Ἀθέ-

251 1227 325 1270 τιιςε
371 1203 519 1281 ἀθέσμοις,
556 1205 592 1266 ού
631 1202 950 1285 συγκατατεθειμένιις.
1003 1205 1155 1285 Αἰσχύλος
1199 1207 1355 1283 Προμηθεῖ

251 1307 396 1384 δεσμύιῃ.

299 1424 370 1489 152.
395 1406 501 1486 νέρθεν
514 1405 539 1469 τ’
554 1404 671 1489 Ἀΐδου]
696 1404 784 1468 Nihil
803 1426 921 1469 oaussoe
934 1420 981 1468 est
994 1428 1052 1468 cur
1070 1405 1172 1468 formo
1191 1404 1352 1490 trisyllaba

252 1519 370 1571 utatur.
419 1505 624 1570 Scribendurn
649 1505 755 1587 νέρθεν
777 1504 802 1569 θ
816 1503 933 1583 Ἀιδον,
948 1505 1035 1592 quod
1050 1506 1150 1569 voluit
1165 1506 1350 1583 Turnebus,

250 1607 306 1694 qui
323 1608 467 1690 νέρθενθ
481 1606 564 1672 δύδου
577 1606 686 1671 edidit.
720 1606 840 1670 Eadem
857 1605 937 1670 rntio
951 1607 1245 1694 versusannpaestici
1262 1609 1351 1694 Sept.

250 1733 278 1774 c.
294 1710 359 1774 Th.
376 1710 451 1774 868.

296 1828 475 1897 154-157.
490 1809 842 1895 Τάρταρον-ἐπεγήθει]
871 1811 953 1873 Haec
967 1808 1064 1894 vulgo
1077 1809 1109 1872 in
1125 1825 1187 1874 tres
1200 1810 1352 1873 dimetros

250 1913 348 1979 deseri
374 1927 417 1977 ta.

297 1936 373 2100 ¹⁵⁵8
385 2015 499 2096 ύγρέοις
515 2013 565 2076 Μ.
580 2011 677 2076 etalii
692 2010 845 2075 nonnulli.
886 2010 991 2096 Vulgo
1005 2012 1123 2093 ἀγρίως.

295 2119 366 2201 156.
381 2114 455 2195 μήτε
470 2113 539 2181 θεὸς
554 2115 658 2178 Τατα.
688 2113 801 2192 μθτοτε
814 2112 882 2179 θεὸς
897 2113 947 2175 Μ.
962 2112 1077 2198 aliique
1093 2134 1154 2175 non
1169 2113 1262 2198 pauci
1275 2137 1348 2178 curn

250 2217 327 2282 Ald.
343 2216 429 2280 Rob.

291 2316 444 2404 ἐπεγήθει]
470 2316 632 2399 έτιγιγήθρ
658 2315 744 2379 Rob.
787 2314 920 2379 Codioes
942 2315 1070 2401 quidam
1096 2316 1272 2397 έτεγεγήθει
1298 2319 1349 2381 vel

249 2420 384 2504 έτιγύθῃ.

294 2538 366 2607 157·
404 2519 533 2607 κίνυγμ’]
565 2518 656 2581 Libri
681 2517 801 2603 aliquot
831 2520 956 2599 ιιίννγμα
986 2518 1052 2581 sine
1080 2517 1224 2582 elisione:
1264 2519 1350 2583 unde

248 2621 418 2688 Elmeleius
444 2623 570 2701 ιιίνυγμα
594 2618 696 2684 τάλας.
734 2618 854 2701 κήννγμ’
882 2621 985 2683 Turn.
1016 2635 1048 2683 et
1070 2619 1164 2685 codd.
1193 2622 1347 2685 nonnulli.

247 2721 371 2788 Eodem
393 2719 469 2785 vitio
481 2718 567 2805 apud
592 2718 787 2803 Hesychium
812 2721 944 2802 κήννγμα
965 2720 1080 2807 legitur
1101 2736 1133 2784 et
1157 2725 1349 2804 κηννσσύμην

246 2844 305 2907 pro
328 2822 521 2900 ιιινυσσύμην,
543 2840 609 2904 quo
632 2819 804 2905 AErcliylus
823 2822 925 2886 utitur
944 2821 1088 2909 Choeph.
1112 2825 1181 2908 196.
1205 2825 1285 2892 ὅπως
1305 2828 1352 2889 δίε
1389 2905 1396 2913 ,

247 2932 370 3004 φροντις
383 2923 461 2985 ούσα
474 2922 513 3000 μὴ
528 2920 729 3000 ’κινυσσύμην

293 3024 365 3108 158.
387 3022 545 3105 ἐπίχαρτα]
573 3020 742 3084 Librorum
763 3021 962 3107 quorundam
987 3023 1063 3088 vitia
1086 3039 1160 3088 nunt
1184 3027 1346 3109 έτιίχορμο,

246 3124 332 3211 quod
356 3122 471 3209 legitur
491 3121 524 3185 in
544 3120 622 3186 Ald.
637 3137 669 3184 et
684 3122 780 3199 Rob.,
795 3137 827 3186 et
843 3124 1040 3206 έτιιχύρματα,
1055 3126 1141 3212 quod
1159 3149 1198 3190 ex
1220 3127 1349 3194 duabus

246 3225 430 3291 lectionibus
444 3223 475 3287 in
491 3245 585 3287 unam
601 3221 742 3286 conflatis
755 3235 871 3286 ortum.

292 3331 363 3393 161.
386 3325 580 3413 ξυνασχαλᾷ]
603 3325 778 3407 ξυνασκαλᾷ
793 3322 872 3387 Ald.
884 3325 971 3389 Rob.
1011 3326 1128 3390 Forma
1142 3341 1233 3392 vetus
1247 3331 1346 3414 θσχα.

244 3432 309 3496 λύω
323 3453 382 3517 pro
397 3428 544 3512 ἆσχύλλιι
559 3426 693 3489 oocurrit
709 3425 782 3511 Iph.
798 3425 841 3487 A.
855 3443 929 3509 925.
952 3426 1054 3489 Orest.
1069 3443 1144 3511 755.
1161 3429 1346 3496 Archiloch.

247 3531 363 3596 Stobaei
377 3551 408 3615 p.
430 3547 502 3610 107.
517 3541 646 3591 notante
661 3527 802 3589 Pornono
816 3525 857 3588 nd
873 3528 978 3590 Orest.
992 3527 1110 3611 quibus
1125 3527 1199 3592 locis
1216 3530 1348 3617 adjicias

244 3655 274 3697 r.
292 3651 364 3715 243.
379 3629 476 3715 hujus
490 3626 618 3692 sabulae.
642 3627 818 3691 BLOMF.

290 3736 362 3798 162.
377 3732 439 3814 del]
457 3730 516 3794 olel
531 3728 582 3790 M.
598 3748 668 3791 cum
685 3726 812 3791 duobus
824 3727 901 3791 aliis.

292 3837 362 3919 ¹⁶3·
385 3832 537 3911 τιθέμενος
555 3827 713 3891 Pauwius.
750 3826 841 3890 Libri
863 3825 996 3906 θέμενος,
1012 3827 1098 3912 quod
1121 3831 1346 3898 renouandum.

245 3939 358 4020 Neque
371 3933 453 3997 enirn
468 3931 500 3994 in
515 3929 576 3993 hoc
591 3950 694 4004 versu,
709 3926 764 3990 ned
779 3926 811 3988 in
826 3926 1049 4013 antistrophioo
1067 3929 1133 3993 vitii
1154 3931 1244 3995 sedes
1257 3956 1347 4018 quae·

244 4035 352 4099 rende.

288 4135 424 4216 θέμενος]
464 4134 622 4195 Porsonus
650 4129 681 4192 in
712 4130 814 4192 Orest.
846 4126 918 4206 248.
947 4127 1068 4191 confert
1098 4130 1227 4195 ruolium
1256 4137 1345 4221 apud

245 4235 366 4303 Athen.
386 4253 396 4295 ι
401 4251 433 4315 5.
455 4253 488 4316 p.
504 4235 576 4315 ⁶95·
602 4230 730 4311 καθαρὸν
752 4229 860 4306 θεμένη
882 4229 962 4290 νόον.
985 4227 1072 4312 quod
1094 4231 1252 4296 Stnnleius
1266 4258 1348 4321 quo-

243 4359 307 4423 que
329 4333 511 4397 contulerat.
535 4333 687 4416 Tyrtoeus
704 4327 791 4414 apud
808 4327 896 4391 Stob.
911 4346 966 4410 50.
985 4351 1017 4413 p.
1036 4332 1105 4410 189.
1122 4332 1215 4395 Grot.
1230 4337 1348 4417 έχθρδν

243 4442 299 4518 μὲν
313 4434 417 4516 ψυχὴν
431 4431 564 4508 θέμενος.
591 4430 728 4493 Locutio
742 4429 783 4490 ub
799 4428 940 4490 Homero
954 4426 1047 4492 fluxit
1064 4428 1102 4492 Il.
1120 4437 1144 4506 l,
1161 4435 1237 4516 625.
1250 4437 1347 4519 αθταρ
