2978 5062
238 349 303 416 186
598 346 976 414 ANNOTATIONES

281 529 356 600 551.
372 515 516 600 ἆνοσίοις]
532 501 667 580 moolli}
683 516 732 580 M.

281 637 300 701 5
302 632 355 701 51.
369 618 424 681 τᾶν
440 615 653 683 Elomfieldus.
676 616 700 683 r’
717 616 875 704 devulgo.

279 735 357 804 554.
388 719 486 783 Hunc
508 741 632 782 versum
656 718 700 782 ita
721 717 919 804 interpolavit
942 718 1076 781 Tzetzes
1098 713 1183 778 Chil.
1205 730 1238 799 5,
1259 732 1334 799 994.

238 824 319 886 Νοῦς
332 822 389 899 μὲν
403 822 603 900 ἁκόμποστος,
617 822 684 903 χεὶρ
699 819 723 883 δ’
739 822 795 902 ὁρᾷ
809 819 843 883 τὸ
858 818 1010 900 δράσιμον.
1034 818 1208 881 BLOMF.

279 936 353 1005 555.
369 927 421 985 τοῦ
436 921 530 1002 πάρος
543 920 744 1004 λελεγμένου]
763 920 932 1007 Hyperbii.

278 1023 353 1106 556.
377 1022 544 1106 ἐργμάτων]
562 1024 613 1086 De
627 1022 727 1098 factis,
743 1044 805 1085 non
823 1022 864 1085 de
883 1019 1050 1107 aggeribus
1072 1041 1137 1083 esse
1158 1017 1332 1104 intelligen-

237 1121 313 1184 dum
330 1137 437 1185 contra
451 1122 635 1209 interpretes
649 1121 800 1208 quosdam
818 1136 901 1186 recte
915 1134 1020 1184 monet
1035 1117 1251 1183 Blomfieldus.

279 1239 355 1308 557.
372 1224 445 1309 loo]
462 1226 596 1289 Praestat
611 1227 693 1288 εἴσω.
718 1221 775 1302 ἔξω
789 1223 909 1310 aliquot
924 1220 1016 1286 codd.
1032 1237 1065 1286 et
1079 1221 1164 1285 Rob.

278 1344 298 1407 5
300 1327 352 1407 58.
369 1325 521 1410 ἐχθίστου]
537 1326 638 1389 ἀδίκου
653 1324 737 1389 Roh.

278 1427 354 1509 560.
370 1424 506 1504 θ’ξοθεν
521 1427 689 1489 Porsonus.
706 1426 825 1504 ἔξωθεν,
836 1425 949 1490 omisso
963 1424 1104 1502 articulo,
1119 1423 1200 1489 libri.
1225 1431 1247 1462 “
1259 1424 1335 1487 Sen-

236 1548 289 1590 sus
302 1525 424 1589 facilem
440 1525 534 1590 habet
548 1526 804 1612 explicationem:
829 1549 903 1613 ανον
916 1529 1043 1613 quidem
1059 1527 1203 1613 (Sphinx
1217 1527 1253 1588 ia
1267 1526 1333 1612 cly-

232 1648 291 1714 pco
311 1628 437 1713 ficta),
459 1629 654 1692 extrinsecus
674 1630 849 1693 introrsum
871 1650 983 1713 nempe
1004 1627 1044 1692 ad
1068 1627 1333 1714 Parthenopaeum

235 1728 323 1792 illurn
353 1731 498 1816 clypeum
527 1729 678 1793 ferentem
706 1752 858 1794 conuersa
882 1732 1032 1818 graviter
1056 1739 1273 1816 conqueretur,
1295 1732 1333 1793 ob

235 1833 359 1897 crebros
378 1834 460 1897 ictas
480 1831 613 1897 telorum
633 1846 665 1895 et
684 1831 857 1910 hastarum,
872 1853 948 1917 quos
962 1840 1036 1894 uate
1049 1832 1156 1894 urbem
1172 1831 1334 1917 accipiel.”

237 1933 338 1997 SCH.

276 2036 351 2119 561.
382 2035 559 2120 κροτησμοῦ]
585 2037 742 2115 κροτισμοΰ
767 2034 815 2097 Μ.
842 2031 957 2119 aliique
986 2030 1128 2096 nonnulli
1156 2054 1228 2096 cum
1254 2030 1332 2096 Ald.

236 2136 337 2199 Turn.

276 2240 351 2322 562.
374 2239 402 2301 I.
419 2243 496 2302 θεῶν
511 2240 660 2302 θελόντων
674 2235 697 2303 δ’
716 2235 752 2319 (δ’
769 2258 830 2299 0111.
842 2238 887 2301 Α.
902 2252 934 2299 et
948 2258 1002 2300 sex
1016 2234 1068 2300 alii
1083 2235 1174 2300 codd.
1191 2251 1223 2300 et
1238 2234 1330 2319 Ald.)

234 2338 273 2403 ἃν
294 2337 486 2420 ἀληθεύσαιμ’
511 2341 582 2426 ἐγώ]
609 2337 647 2402 ἂν
665 2336 826 2424 particulae
848 2358 1023 2400 mensuram
1047 2336 1212 2424 ancipitem
1236 2337 1332 2401 fuisse

233 2438 330 2502 videri
346 2440 377 2503 in
392 2440 575 2527 praefatione
590 2440 629 2503 ad
647 2437 833 2525 Sophoclem
848 2437 913 2501 dixi
929 2461 960 2524 p.
979 2459 1051 2502 avr.
1076 2438 1245 2504 Productae
1259 2463 1333 2525 quae

234 2555 307 2607 sunt
337 2541 424 2628 apud
449 2557 556 2628 poetas
580 2540 704 2605 Atticos
729 2538 871 2625 exempla
896 2538 1012 2602 librarii
1042 2562 1184 2625 magnam
1211 2557 1331 2627 partem

233 2643 341 2707 eadem
363 2644 592 2730 interpolarunt
613 2641 767 2718 libertate,
794 2662 859 2725 qua
883 2642 937 2704 ἐὰν
959 2640 1122 2726 particulae
1142 2664 1331 2718 mensuram,

234 2745 274 2809 de
289 2768 353 2832 qua
367 2745 405 2809 ad
422 2743 644 2831 Aristophanis
656 2744 784 2829 Vesper.
798 2765 825 2806 v.
840 2743 912 2809 228.
929 2743 1005 2821 dixi,
1018 2754 1183 2830 praeceptae
1194 2742 1332 2828 opinioni

233 2847 517 2910 accommodarunt
541 2845 751 2924 Quamobrem
763 2866 866 2930 operae
878 2845 1012 2931 pretium
1024 2862 1070 2909 est
1082 2844 1165 2909 locos
1178 2844 1248 2908 illos
1260 2866 1332 2907 con·

229 2946 357 3034 junctos
371 2947 496 3034 apponi.

280 3048 328 3110 ΙΙ.
353 3047 522 3135 Sophocles
537 3047 637 3133 Ajace
650 3070 680 3111 v.
695 3066 787 3133 1339.

364 3200 416 3265 οὐκ
431 3199 468 3264 ἂν
483 3196 652 3279 θαυμάσαιμ’
669 3197 717 3272 ἂν,
733 3197 811 3262 ὥστε
825 3197 865 3277 μὴ
880 3194 1035 3279 λέγειν-.

235 3351 287 3414 Ita
300 3350 372 3415 libri
387 3350 507 3437 antiqui
522 3372 639 3427 omnes,
653 3348 800 3435 idemque
814 3347 845 3411 in
862 3349 926 3412 suia
945 3349 1063 3413 invenit
1079 3348 1260 3424 Triclinius,
1275 3349 1332 3435 qui

233 3452 417 3539 particulam
433 3452 653 3534 πορφάρμοκον
668 3450 825 3538 adjunxit,
843 3451 895 3514 οὐκ
910 3450 948 3514 ἄν
962 3448 989 3532 γ’
1006 3449 1230 3530 ἀτιμάσαιμ’-.
1270 3449 1329 3513 ΑΙ-

231 3552 293 3617 dus
307 3576 378 3617 cum
391 3553 510 3640 aliquot
524 3552 685 3616 codicibus
700 3553 816 3626 οὔκουν,
833 3574 928 3636 quam
944 3551 1127 3615 medicinam
1143 3551 1235 3616 etiam
1249 3553 1332 3614 Tro-

232 3654 327 3718 adum
345 3655 508 3741 Euripidis
524 3654 626 3717 versui
645 3653 769 3717 cuidam
792 3652 965 3716 adhibitam
988 3655 1095 3740 paullo
1117 3668 1187 3740 post
1209 3651 1330 3718 notabi-

233 3777 313 3820 mus.
359 3754 527 3819 Elmsleius
542 3755 576 3818 οὐ
591 3754 656 3831 τᾶν,
673 3768 708 3816 ut
724 3752 851 3817 solebat.

277 3858 346 3920 111.
370 3855 540 3943 Sophocles
555 3854 683 3919 Electra
697 3878 725 3916 v.
741 3874 815 3938 314.

362 4006 380 4083 ἢ
395 4004 419 4069 δ’
436 4004 473 4069 ἂν
489 4007 549 4087 ἐγὼ
564 4010 719 4085 θαρσοῦσα
733 4008 853 4084 μᾶλλον
868 4006 899 4070 ἐς
913 4006 1025 4086 λόγους

360 4106 428 4173 τοὺς
443 4106 514 4172 σοὺς
529 4107 696 4185 ίκοίμην-;

231 4252 297 4317 Ηὶο
320 4254 425 4319 Aldus
446 4279 574 4341 quoque
595 4278 667 4320 cum
695 4256 873 4320 melioribus
895 4254 1055 4320 codicibus
1077 4254 1247 4320 consentit:
1279 4256 1332 4320 de-

231 4353 358 4419 teriores
379 4356 398 4434 h
422 4357 487 4434 κᾶν,
510 4357 596 4442 quod
619 4358 651 4420 in
676 4358 889 4422 Laurentiano
910 4360 944 4421 A
967 4356 1131 4444 adscripsit
1152 4379 1264 4421 manus
1285 4380 1332 4420 re·

230 4455 356 4520 cantior.
402 4459 524 4520 Rarum
540 4459 572 4520 in
587 4459 829 4545 interrogatione
843 4473 891 4522 est
909 4459 928 4538 ἧ
948 4460 981 4523 δὲ
997 4461 1085 4542 (nam
1106 4455 1294 4544 plerumque
1312 4458 1332 4538 ἦ
