2978 5062
515 281 584 345 AD
607 281 968 346 PROMETHEUM.
1250 289 1293 357 29

192 448 265 516 Vid.
282 448 396 514 Plotia.
412 448 556 514 Ennead.
573 469 606 530 4.
621 471 653 536 3,
668 472 697 512 c.
717 468 767 529 14,
785 447 900 513 Suidas
919 449 951 512 in
975 451 1160 530 Προμηθεὺς,
1180 451 1292 516 Eudo-

190 554 248 618 ciae
260 552 360 616 'lauth
372 551 405 614 in
417 574 487 638 cap.
502 550 543 616 de
558 550 755 615 Prometheo.

235 652 426 718 Pausaniasd
447 653 534 740 apud
558 655 758 738 Panopenses
779 652 811 715 in
833 652 901 739 ipsa
918 653 969 717 via
989 677 1008 718 e
1029 655 1129 719 crudo
1142 654 1292 722 laterculo

191 755 314 842 signum
331 754 409 818 vidit
424 754 557 840 elapide
572 753 744 832 Pentelico‚
756 754 842 840 quod
854 754 983 840 quidam
997 755 1227 844 AEsculapium,
1240 757 1292 822 alii

192 856 415 921 Prometheum
431 880 497 921 esse
511 855 667 920 dicebant.
690 856 773 940 Ejus
788 857 832 921 rei
847 858 1022 923 testimonia
1033 859 1189 924 sehabere
1199 875 1292 947 puta·

190 961 276 1037 bant,
291 959 378 1046 quod
393 958 432 1023 ad
448 974 626 1046 praeruptas
640 960 784 1024 torrentis
799 959 883 1045 ripas
904 983 979 1024 saxa
995 961 1141 1045 jacebant
1155 985 1192 1026 ea
1205 985 1292 1049 mag·

191 1061 345 1140 nitudine,
355 1076 392 1126 ut
403 1061 526 1148 singula
540 1063 717 1149 plaustrum
732 1085 860 1126 onerare
875 1078 1013 1149 possent.
1048 1063 1144 1128 Color
1158 1063 1218 1128 illis
1229 1088 1291 1130 non

192 1164 306 1229 terreni
322 1164 393 1242 luti,
406 1166 460 1228 sed
474 1164 576 1250 qualis
589 1165 621 1228 in
632 1164 742 1229 sabulo
753 1165 891 1230 rivorum
904 1179 936 1229 et
948 1165 1133 1229 torrentium
1145 1167 1292 1231 cernitur.

192 1265 329 1331 Odorem
345 1265 437 1331 etiam
453 1266 583 1330 humani
599 1290 696 1354 prope
709 1267 848 1354 corporis
867 1267 1037 1331 incolarum
1053 1267 1199 1354 opinione
1213 1269 1292 1335 rele-

191 1370 320 1442 rebant;
343 1368 490 1455 reliquias
511 1392 563 1433 eas
584 1393 650 1434 esse
671 1369 795 1433 aiebant
813 1368 871 1432 luti
891 1368 985 1448 illius,
1001 1393 1019 1433 e
1033 1393 1098 1456 quo
1111 1393 1212 1457 genus
1231 1371 1291 1435 hu·

192 1492 319 1534 manum
335 1470 545 1534 Prometheus
558 1471 694 1537 finxerit.

234 1570 372 1648 Tabula,
387 1571 420 1634 in
435 1594 500 1657 qua
514 1573 720 1638 Prometheus
734 1574 858 1638 vinctus
872 1595 944 1637 cum
961 1572 1101 1638 Hercule
1122 1596 1196 1639 mox
1217 1597 1289 1639 eum
1360 1646 1366 1653 ,

190 1673 361 1738 liberaturo
374 1673 478 1760 pictus
493 1688 572 1752 erat,
587 1675 711 1761 qualem
726 1675 820 1740 etiam
836 1674 1007 1740 Pausanias
1020 1675 1053 1738 in
1069 1676 1186 1763 templo
1199 1679 1223 1740 J
1224 1677 1292 1742 ovis

192 1775 334 1862 Olympii
356 1775 476 1839 viderat
498 1791 531 1861 5,
552 1797 600 1854 10,
617 1780 645 1841 6.
669 1777 843 1844 luculenter
865 1777 1052 1843 describitur
1073 1777 1157 1864 apud
1179 1778 1290 1842 Achil·

192 1879 252 1944 lem
269 1878 400 1942 Tatium
416 1898 448 1963 3,
467 1880 496 1942 8.

233 1983 348 2059 Locus,
365 1982 418 2045 ubi
433 1981 465 2045 in
481 1981 539 2045 hac
554 1981 706 2068 tragoedia
722 1983 928 2047 Prometheus
942 1982 1055 2046 affixus
1069 2005 1135 2045 esse
1149 1982 1289 2068 fingitur,

191 2083 267 2149 citra
288 2083 422 2148 dubium
444 2097 491 2147 est
512 2106 606 2171 rupes
629 2085 792 2170 Scythica;
814 2100 846 2150 et
871 2103 953 2151 recte
978 2086 1107 2172 quidem
1136 2085 1292 2149 Stanleius

191 2186 366 2250 observavit
379 2184 510 2271 intelligi
526 2185 685 2272 Scythiam
701 2189 902 2274 Europaeam‚
918 2211 991 2272 quae
1013 2187 1054 2250 ab
1071 2188 1154 2250 Istro
1167 2187 1209 2250 ad
1225 2189 1291 2251 Ta·

192 2288 274 2352 naim
289 2287 476 2375 pertinebat.
510 2287 671 2374 Scythiam
686 2303 794 2374 aperte
807 2287 980 2374 AEschylus
994 2287 1138 2374 designat
1153 2310 1243 2351 versu
1260 2307 1291 2355 2.

193 2390 316 2455 Clarius
337 2389 430 2454 etiam
452 2413 563 2468 scenae,
577 2391 610 2454 in
624 2413 689 2476 qua
710 2391 818 2456 labula
839 2392 970 2479 geritur,
986 2391 1127 2455 notitiam
1143 2391 1291 2456 informat

191 2515 221 2557 v.
243 2510 318 2577 415.
350 2492 405 2557 ubi
431 2492 524 2560 vicini
550 2494 746 2559 Prometheis
772 2493 907 2582 scopulis
934 2493 1083 2558 dicuntur
1112 2492 1234 2569 Colchi,
1258 2508 1291 2560 et

193 2595 320 2682 Scythae
345 2596 427 2661 circa
454 2597 601 2684 paludem
633 2597 828 2662 Maeotidem.
870 2594 1042 2683 AEschylus
1066 2594 1172 2681 itaque
1197 2596 1290 2662 finxit

192 2700 416 2764 Prometheum
431 2700 471 2764 ad
487 2723 598 2787 rupem
614 2698 772 2785 quandam
787 2700 818 2764 in
834 2700 965 2764 desertis
988 2698 1125 2784 Scythiae
1147 2699 1290 2786 partibus

191 2799 319 2867 affixum
341 2801 450 2880 luisse,
469 2801 514 2866 ita
534 2801 660 2888 quidem
686 2814 722 2864 ut
742 2801 820 2864 facie
840 2823 948 2864 versus
962 2799 1163 2863 Occidentem
1186 2800 1288 2865 hiber·

192 2924 267 2965 num
282 2925 450 2968 conversus
471 2918 550 2968 esset
564 2917 595 2967 et
611 2906 748 2968 Pontum
765 2903 930 2967 Euxinum
952 2902 984 2965 in
1006 2916 1172 2988 prospectu
1196 2903 1289 2968 habe-

191 3018 248 3068 ret.
295 3006 378 3069 Nam
400 3027 473 3069 eum
496 3004 580 3070 haud
604 3007 755 3092 procula
776 3005 852 3069 mari
875 3005 1039 3092 alligatum
1058 3004 1153 3069 fuisse
1176 3006 1289 3071 exinde

191 3120 289 3192 patet,
304 3107 390 3192 quod
414 3109 473 3172 sub
494 3108 588 3172 finem
610 3107 727 3172 fabulae
748 3108 815 3194 ipse
835 3107 879 3171 ait
896 3131 928 3172 se
943 3107 1049 3172 videre
1062 3110 1175 3172 coelum
1191 3125 1290 3194 ponto

192 3206 322 3286 misceri,
337 3209 564 3291 ξυντετάρακται
578 3209 663 3290 αἰθὴρ
678 3210 789 3294 πόντῳ,
800 3209 900 3295 quod,
912 3210 970 3272 nisi
985 3233 1003 3273 e
1015 3209 1094 3288 loco,
1110 3208 1163 3273 ubi
1176 3209 1289 3275 affixus

190 3324 268 3386 crat,
283 3309 314 3372 in
330 3332 416 3375 mare
438 3311 613 3399 prospicere
634 3311 778 3388 licuisset,
796 3311 1018 3397 utiquedioere
1040 3333 1102 3374 non
1125 3313 1287 3397 potuisset.

192 3411 226 3476 Si
248 3434 322 3475 vero
343 3411 411 3476 aliis
434 3413 533 3499 magis
557 3413 679 3500 placeat
701 3433 821 3474 scenam
850 3412 1031 3476 Promethei
1061 3412 1155 3477 vincti
1181 3436 1290 3479 versus

192 3514 353 3578 Oceanum
368 3536 462 3600 quem
487 3514 669 3602 Scythicum
692 3527 810 3577 veteres
824 3513 1035 3601 appellabant,
1047 3538 1083 3579 ac
1103 3515 1234 3581 fortasse
1255 3517 1287 3581 in

190 3619 404 3704 promontorio
427 3619 586 3707 Scythico,
600 3622 692 3706 cujus
712 3620 763 3684 hic
783 3616 827 3682 ibi
848 3617 1035 3682 mentionem
1058 3618 1178 3684 faciunt
1200 3623 1244 3704 (v.
1260 3644 1286 3684 c.

192 3719 274 3784 Plin.
291 3721 376 3786 Hist.
394 3723 467 3786 Nat.
483 3720 536 3786 lib.
553 3726 582 3786 6.
597 3746 624 3786 c.
640 3727 720 3806 ao),
743 3743 869 3807 ponere,
892 3720 1079 3808 pertinacius
1101 3743 1151 3784 me
1173 3744 1288 3807 repug-

191 3839 316 3887 nantem
332 3846 394 3887 non
410 3823 583 3889 habebunt.
627 3825 700 3887 Hoc
715 3847 789 3888 vero
799 3822 1003 3887 certissimum
1019 3823 1161 3899 arbitror,
1178 3822 1287 3885 falsam

191 3949 256 3989 esse
280 3949 387 3989 eorum
410 3925 599 4011 opinionem,
625 3925 679 4012 qui
705 3940 820 4013 putant
844 3926 876 3988 in
903 3926 961 3988 hac
985 3923 1094 3988 tabula
1120 3947 1157 3987 ex
1184 3941 1288 3989 mente

190 4043 292 4113 poetae
315 4027 538 4093 Prometheum
559 4027 600 4091 ad
616 4030 792 4093 Caucasum
814 4025 978 4113 religatum
1001 4025 1106 4103 fuisse,
1121 4041 1152 4091 et
1173 4026 1205 4090 in
1227 4027 1288 4093 hoc

190 4144 296 4194 monte
311 4152 414 4193 veram
431 4128 580 4193 dramatis
601 4151 722 4193 scenam
744 4153 810 4194 esse
830 4126 1040 4215 quaerendam.
1087 4127 1127 4191 Id
1150 4128 1287 4215 primum

191 4231 344 4296 refellitur
365 4231 456 4296 docta
478 4231 670 4318 grammatici
693 4231 918 4308 observatione,
933 4229 988 4317 qui
1009 4230 1050 4295 ad
1071 4253 1151 4294 vers.
1172 4251 1199 4293 1.
1221 4231 1288 4294 haec

190 4333 370 4400 adnotavit:
396 4331 497 4399 ἰστέον
518 4336 550 4397 δὲ
571 4335 617 4398 ὅτι
637 4335 672 4399 οὗ
693 4337 767 4399 κατὰ
787 4333 841 4398 τὸν
865 4331 965 4398 κοινὸν
981 4335 1077 4415 λόγον
1091 4335 1126 4397 ἐν
1141 4331 1288 4416 Καυκάσῳ

699 4463 714 4502 ‘l
729 4476 766 4523 10,
778 4481 802 4521 4.
