2978 5062
549 385 822 450 PRAEFATIO.
1210 385 1232 453 7

42 551 49 561 ’
133 561 366 652 interpretem
399 564 538 627 exstare
560 563 743 638 moneret,
776 554 962 626 Triclinius
1002 577 1048 625 ex
1090 555 1232 648 ingenio

136 672 231 742 hunc
261 670 436 742 senarium
461 666 627 760 AEsehylo
657 667 828 739 obtrusit:
853 667 1068 760 ἀδαμαντίνως
1095 668 1233 740 schacos

135 785 293 881 ἆρρῆκτως
307 782 418 877 λέγω.”

187 906 382 999 Descriptis
397 905 459 995 qui
482 926 564 974 cum
587 903 701 974 tribus
724 906 846 997 primis
871 904 999 976 fabulis
1023 906 1233 998 posteriores

139 1029 306 1112 quattuor
331 1018 387 1090 vel
410 1042 533 1089 omnes
555 1019 613 1089 vel
640 1040 685 1088 ex
711 1028 811 1111 parte
835 1021 1041 1111 conjunctas
1063 1020 1235 1092 exhibent

139 1135 318 1205 codicibus
333 1135 379 1203 ad
395 1131 610 1224 reliquorum
628 1132 797 1202 librorum
816 1134 956 1207 turbam
981 1135 1234 1228 progredimur,

140 1251 262 1340 quiin
288 1249 399 1319 tribus
421 1248 594 1340 prioribus
621 1246 748 1317 fabulis
774 1246 856 1318 solis
879 1256 1081 1320 versantur:
1109 1249 1236 1341 quibus

141 1366 192 1434 ite
207 1387 328 1434 sumus
353 1363 407 1432 usi
429 1370 470 1430 ut
488 1360 663 1431 Parisinos
681 1360 772 1432 ΑΒ.
789 1361 997 1456 plerumque
1019 1365 1149 1435 diserte
1174 1385 1238 1433 no·

141 1478 364 1559 minaremus,
407 1484 543 1546 ceteros
585 1499 657 1546 non
698 1498 775 1546 raro
817 1500 1081 1549 numeraremus
1119 1479 1237 1569 potius

142 1613 246 1682 quam
264 1590 420 1683 singulos
437 1590 709 1683 designaremus.
761 1590 892 1682 Neque
908 1594 1004 1663 enim
1021 1615 1134 1686 operae
1159 1615 1238 1684 pre-

141 1707 233 1776 tium
250 1705 364 1776 visum
382 1714 436 1776 est
452 1713 506 1774 tot
527 1705 773 1774 vilissimorum
790 1704 958 1775 librorum
976 1729 1170 1798 eorumque
1192 1727 1238 1775 ne

142 1821 226 1891 satis
252 1828 415 1890 accurate
443 1819 585 1910 quidem
611 1818 820 1889 collatorum
849 1842 992 1890 omnem
1022 1828 1059 1890 et
1085 1818 1239 1912 singilla-

143 1934 208 2004 tim
237 1934 367 2025 exponi
396 1933 597 2014 lectionem,
627 1956 736 2022 quum
766 1943 974 2026 apparatum
1003 1935 1165 2004 criticum
1192 1955 1239 2003 ex

144 2047 321 2118 codicibus
346 2045 527 2137 aliquanto
548 2046 771 2138 paucioribus
792 2048 946 2138 quidem,
963 2048 1025 2118 sed
1047 2048 1241 2140 pmdenter

145 2160 290 2239 delectis
320 2169 358 2231 et
385 2161 574 2254 diligenter
600 2160 738 2231 collatis
764 2183 828 2231 suo
857 2170 1018 2253 tempore
1047 2163 1240 2232 exhibituri

139 2278 350 2366 simusque
373 2298 450 2366 quae
468 2297 562 2344 nunc
578 2275 827 2344 circumfertur
849 2277 1023 2345 variarum
1046 2277 1241 2346 lectionum

145 2390 280 2482 farrago
308 2412 354 2457 ex
381 2390 482 2458 bonis
512 2389 644 2480 pariter
672 2396 778 2477 atque
807 2389 1029 2478 nequissimis
1062 2390 1242 2461 codicibus

146 2514 279 2573 temere
295 2501 586 2596 negligenterque
603 2501 754 2571 conflata
772 2502 916 2571 tandem
933 2502 1120 2594 aliquando
1137 2504 1242 2575 cedat

144 2616 290 2688 mehori.

196 2752 227 2820 7.
252 2731 300 2802 Α.
325 2730 503 2801 Parisinus
530 2737 624 2817 2884,
649 2730 733 2801 olim
751 2731 987 2814 Colbertinus,
1011 2731 1244 2826 bombycinus

146 2844 255 2915 seculi
276 2870 327 2934 13.
355 2844 483 2933 (Calai.
509 2843 579 2913 vol.
599 2868 629 2915 2.
655 2869 690 2937 p.
708 2848 798 2936 565.)
841 2844 971 2915 Insunt
997 2845 1243 2932 Prometheus,

141 2959 273 3041 Persae,
291 2957 450 3051 Septem.
494 2957 653 3028 Collatus
669 2982 691 3029 a
708 2958 900 3030 Brunckio.

197 3079 227 3142 8.
245 3070 292 3149 Β.
311 3071 488 3142 Parisinus
507 3079 605 3159 2787,
622 3072 707 3143 olim
725 3073 1024 3157 Boistallerienus‚
1039 3075 1244 3145 chartaceus

148 3186 257 3256 seculi
278 3205 328 3275 15.
354 3185 482 3274 (Catal.
501 3187 570 3256 vol.
589 3213 619 3260 2.
645 3212 679 3280 p.
697 3192 787 3281 555.)
814 3188 1059 3271 Prometheus,
1086 3188 1245 3282 Septem,

149 3299 273 3369 Persae.
341 3298 501 3368 Collatus
543 3323 565 3370 a
605 3300 796 3385 Brunckio,
839 3312 920 3395 post
962 3302 1185 3389 Brunckium
1224 3327 1247 3373 a

150 3412 295 3483 Faehsio.

199 3528 435 3599 Parisinorum
461 3529 552 3600 A.B.
570 3528 781 3601 lectionibus
804 3551 825 3596 a
849 3526 1108 3598 Montfaucono
1126 3551 1246 3601 secum

149 3643 417 3712 communicatis
443 3666 527 3714 usus
553 3654 609 3714 est
639 3642 881 3726 Needhamus,
909 3667 1027 3735 aquo
1055 3646 1100 3714 ad
1130 3644 1248 3716 Aske-

151 3756 247 3824 vium
271 3765 519 3848 pervenerunt,
543 3759 643 3848 cujus
662 3781 709 3826 ex
738 3758 877 3829 schedis
903 3758 1052 3830 Butlero
1079 3760 1249 3831 nonnulla

150 3876 271 3960 petere
288 3870 390 3941 licuit
407 3894 429 3941 a
446 3870 626 3941 Brunckio
645 3874 782 3942 omissa.
1024 3876 1026 3883 '

201 4009 232 4072 9..
260 3982 300 4055 0.
319 3983 497 4055 Parisinus
515 3992 609 4076 2789.
628 3986 714 4056 olim
738 3987 796 4056 Jo.
814 3987 906 4068 Tilii,
929 3994 1054 4079 postea
1074 3987 1249 4058 Colberti-

151 4117 226 4176 nus,
253 4096 458 4169 chartaceus
483 4099 593 4170 seculi
620 4121 669 4190 15.
696 4098 826 4187 (Catal.
845 4100 913 4169 vol.
934 4124 964 4171 2.
993 4123 1027 4192 p.
1045 4106 1136 4195 555.)
1164 4102 1249 4172 Pro·

151 4209 324 4294 metheus,
343 4211 501 4305 Septem,
519 4213 644 4283 Persae.
687 4212 847 4283 Collatus
870 4213 1145 4286 aVauvillersio
1163 4214 1250 4306 (No-

152 4321 233 4390 tiees
250 4329 282 4391 et
296 4321 460 4393 Eatraz'ts
478 4325 545 4393 vol.
568 4349 595 4391 1.
613 4347 647 4415 p,
666 4329 755 4418 291.)

205 4461 254 4505 10.
277 4435 327 4519 D,
350 4437 527 4517 Parisinus
554 4459 648 4528 2790.
675 4441 761 4516 olim,
786 4440 1019 4523 Colbertinus,
1046 4445 1250 4515 chartaceus
