2978 5062
285 363 354 426 AD
378 363 570 427 SEPTEM
594 362 842 427 ADVERSUS
865 362 1068 427 THERAS.
1164 361 1241 424 215.

175 527 248 610 879.
263 527 400 613 εὕροντο]
418 528 623 593 Scribendum
639 531 774 610 ᾳύρουτο.
798 531 921 611 εύροντο
937 528 1009 593 Ald.
1028 527 1112 593 Rob.

174 631 264 717 λύμῃ]
282 632 361 716 λύμᾳ
376 631 441 694 duo
455 630 586 695 codices.

176 731 249 796 880.
266 733 420 819 δωμάτων]
435 733 569 814 δοράτων
585 733 667 797 Rob.
692 736 789 814 δόμων
803 733 921 819 aliquot
937 732 1030 797 codd.
1044 746 1077 797 et
1092 732 1170 797 Ald.

177 834 249 897 881.
273 834 483 920 ἐρειψίτοιχοι]
508 837 706 919 έρριψίτοιχοι
720 837 770 900 Μ.
794 839 974 920 έριψίτοιχοι
994 835 1114 923 aliquot
1129 835 1228 901 oodd.

131 951 163 999 ct
178 934 256 999 Ald.
272 936 355 1000 Rob.

175 1039 214 1101 88
215 1054 247 1122 5.
262 1040 294 1102 τί
305 1039 342 1118 δὴ
357 1039 579 1104 Lachmannus
592 1040 632 1104 de
646 1040 730 1105 chor.
749 1057 874 1129 system.
888 1064 921 1128 p.
937 1041 990 1125 78.
1004 1040 1059 1122 ἥδη
1073 1039 1154 1106 libri.

175 1140 231 1204 σὺν
244 1162 305 1204 orn.
320 1139 440 1227 aliquot
454 1141 544 1205 codd.
560 1157 591 1206 et
607 1143 692 1207 Rob.

176 1243 252 1306 Post
275 1242 386 1329 σιδάρῳ
408 1242 505 1329 vulgo
525 1244 669 1309 additum
692 1245 744 1309 οθκ
766 1246 809 1309 ἔτ’
831 1243 884 1327 (ἔτ’
903 1267 965 1308 om.
980 1242 1036 1327 A.)
1061 1245 1111 1308 έπὶ
1131 1246 1230 1330 φιλίᾳ,

132 1342 202 1408 ἀλλ’
215 1346 264 1408 tut
278 1347 362 1429 φόνῳ
377 1349 548 1426 διεκρίθητε.
571 1349 631 1410 Est
642 1347 780 1411 scholion
792 1347 832 1410 ad
848 1347 1012 1431 διήλλαχθε
1024 1345 1230 1432 adscriptum,

133 1469 198 1532 quo
219 1461 326 1510 carent
347 1449 408 1510 Ar.
431 1461 462 1510 et
483 1447 582 1512 codex
607 1449 827 1527 Farnesianus,
851 1448 1057 1513 recensionem
1080 1447 1231 1513 exhibens

134 1547 288 1627 Triclinii‚
303 1549 358 1634 qui
373 1550 543 1627 annotavit,
558 1553 706 1633 περισσὸν
720 1552 757 1632 ἦν
772 1555 900 1616 ἐνταῦθα
913 1552 947 1616 τδ
963 1550 1056 1616 οὐκέτ’
1068 1553 1115 1616 ἐπὶ
1131 1553 1230 1635 φιλίᾳ,

134 1648 203 1714 ἀλλ’
227 1652 276 1714 ἐπὶ
298 1653 381 1737 φόνῳ
404 1654 576 1733 διεκρίθητε,
600 1655 648 1717 καὶ
670 1655 798 1736 ἄμετρον
818 1656 865 1719 καὶ
888 1657 1087 1718 κοινόλεκτον·
1111 1653 1155 1718 διδ
1183 1655 1232 1718 καὶ

134 1752 282 1833 ἐξεβλήθη
296 1752 364 1835 παρ’
381 1755 461 1833 ἐμοῦ.
508 1754 614 1819 Simile
632 1755 768 1821 scholion
788 1756 888 1821 textui
910 1755 1030 1820 illatum
1053 1755 1237 1821 notavimus

133 1853 174 1917 ad
189 1877 218 1917 v.
236 1874 306 1939 721.

176 1956 249 2021 886.
264 1956 351 2023 ἩΜ.
366 1958 488 2023 addidit
504 1959 698 2025 Schuetzius.

176 2059 337 2145 Οἰδιπόδα]
354 2063 539 2143 κατεύγματα
553 2060 641 2126 addit
657 2064 741 2128 Rob.

178 2161 250 2245 887.
263 2161 381 2244 Ἐρινὺς
397 2165 448 2226 Μ.
470 2162 606 2244 Ἐριννὺς
620 2163 725 2250 vulgo.

178 2261 574 2350 888-899=900-910.

178 2366 251 2428 888.
275 2365 366 2430 Prior
388 2366 577 2430 semichorus
598 2366 721 2453 incipit:
747 2368 812 2430 Per
825 2368 958 2432 sinislra
980 2367 1165 2454 icti...quod
1187 2366 1232 2433 ita

135 2465 261 2553 supplet
275 2468 373 2532 alter:
396 2469 451 2533 teri
465 2489 553 2546 soree,
568 2477 599 2532 et
611 2470 849 2556 consanguineo
863 2470 974 2535 ἱσθιτσ.
1007 2471 1122 2556 Itaque
1136 2469 1229 2535 etiam

135 2583 205 2654 post
225 2569 381 2649 εὐωνύμων
394 2568 629 2657 anticipandum
652 2584 698 2633 est
719 2571 947 2651 πλευρωμάτων.
992 2571 1104 2635 Letale
1124 2586 1231 2635 autem

135 2669 251 2734 vulnus
276 2670 462 2735 describitur
486 2670 534 2734 his
557 2669 679 2735 verbis:
706 2670 742 2735 δι’
770 2672 926 2752 εύωνύμωυ
951 2672 1134 2752 τετυμμένοι,
1156 2672 1233 2760 quia

134 2772 237 2859 ipsum
252 2795 316 2849 cor,
332 2772 423 2859 cujus
443 2773 475 2837 in
498 2773 623 2837 sinistro
644 2773 739 2838 latere
760 2773 848 2838 sedes
869 2791 926 2853 est,
941 2774 1067 2861 gladius
1086 2790 1232 2863 penetra·

135 2873 224 2938 verit.
247 2875 421 2939 BLOMF.

177 2976 359 3062 889-893,
377 2978 493 3041 Versus
512 2976 543 3040 in
560 2977 636 3041 Ald.
653 2978 695 3041 sic
709 2977 798 3043 divisi
812 2979 985 3060 τετυμμένοι
1000 2978 1107 3060 δῆθ-
1124 2979 1130 3067 Ι
1150 2979 1181 3044 al
1198 2979 1234 3046 ai

134 3083 320 3161 δοκμύνιοι-
339 3080 344 3166 Ι
363 3078 399 3143 δι’
422 3082 590 3144 ιἰνταίον-
608 3079 614 3168 Ι
633 3081 682 3146 καὶ
705 3083 867 3161 σύμασι-
885 3080 891 3167 Ι
910 3081 1107 3168 ὀναυδύτῳ-
1125 3080 1131 3168 Ι
1150 3083 1231 3165 διχύ-

133 3190 280 3264 φρονι-
297 3181 303 3267 Ι
322 3181 470 3260 διήκει-
488 3180 494 3267 Ι
513 3181 665 3246 στένει-
683 3181 689 3269 Ι
707 3182 849 3260 μένει-
867 3181 872 3267 Ι
891 3181 928 3246 δι’
957 3185 998 3246 ὦν
1026 3186 1138 3248 οίν.-
1156 3183 1162 3269 Ι
1182 3185 1234 3248 καὶ

133 3289 199 3349 θ·-
223 3284 230 3368 l

178 3368 250 3470 889.
273 3385 385 3450 Deleri
408 3385 588 3457 hemichorii
610 3407 773 3472 personam
790 3398 863 3449 ente
877 3384 1050 3465 τετυμμένοι
1064 3382 1125 3464 δῆθ’
1142 3397 1233 3448 noto-

135 3505 198 3552 tam
214 3488 415 3575 agnitumque
429 3491 469 3553 ab
485 3489 657 3562 scholiasta,
674 3489 707 3551 τδ
723 3487 791 3567 ἑξῆς
805 3493 857 3551 τοῦ
875 3489 970 3568 λόγου
989 3489 1091 3564 οὕτως,
1105 3485 1141 3550 δι’
1158 3487 1230 3550 εὐω-

135 3590 234 3671 νύμων
244 3591 416 3670 τετυμμένοι
427 3590 670 3675 ὁμοσπλάγχνων
683 3616 717 3654 τε
731 3587 959 3671 πλευρωμάτων.
982 3587 1154 3669 τετυμμένοι
1169 3586 1232 3666 δῆθ’

135 3695 169 3756 έν
183 3698 222 3780 τῳ
237 3693 320 3779 μέσῳ
335 3694 442 3775 ἔφητὸ
458 3696 560 3776 ἕτερον
573 3694 738 3776 ἡμιχόριου,
754 3697 978 3774 συμμορτνροΰυ
989 3691 1036 3755 καὶ
1051 3693 1235 3772 συμφωνοῦν

136 3797 248 3879 ἐκείνῳ,
272 3797 388 3875 ἀληθῶς
409 3795 591 3875 τετυμμένοι.
637 3794 698 3858 Sed
722 3816 783 3857 non
806 3792 949 3857 convenit
973 3792 1040 3857 haec
1065 3789 1234 3878 descriptio

134 3894 345 3981 antistropho:
369 3918 464 3981 quam
483 3896 537 3982 qui
557 3895 785 3981 excogitarunt,
802 3898 874 3973 δῆτα
895 3892 1048 3980 particula
1070 3892 1146 3955 moti
1167 3913 1234 3954 esse

136 3997 290 4063 videntur.
329 3998 392 4063 Cui
406 4012 591 4084 argumento
606 3997 684 4060 nihil
699 4020 765 4061 esse
780 3995 991 4074 tribuendum,
1008 3995 1081 4059 satis
1095 3993 1154 4058 erit
1169 4016 1234 4058 uno

134 4101 304 4165 ostendisse
321 4100 483 4188 Sophoclis
501 4097 646 4185 exemplo
661 4098 779 4163 Electr.
796 4100 891 4182 1163.
907 4095 930 4160 ‹t›
948 4096 1235 4177 δεινοτάτας-περ·

136 4212 224 4288 φθεῖς
249 4203 418 4284 κελεύθους,
444 4200 575 4286 φίλταθ’,
601 4202 640 4268 ὥς
664 4198 693 4279 μ’
714 4201 885 4276 διτύλεσας,
904 4196 910 4285 Ι
930 4199 1091 4265 ιἰπύλεσας
1113 4195 1185 4276 δῆτ’,
1210 4196 1236 4260 ὦ

137 4309 315 4388 scolymos
331 4306 416 4389 κιίρα.
462 4307 578 4370 Versus
593 4304 667 4388 889.
685 4301 760 4385 890.
773 4313 805 4365 et
819 4318 893 4385 901.
909 4317 983 4382 902.
997 4298 1028 4363 in
1048 4322 1148 4364 unum
1162 4321 1238 4365 con-

131 4407 298 4495 jungendi.
