2978 5062
262 336 327 403 256
626 331 1004 398 ANNOTATIONES

263 505 351 584 τήνδε
372 510 514 582 ποιμανεῖ
534 505 641 585 χθόνα.
687 504 740 566 Ex
763 502 811 565 his
833 502 906 565 satis
929 500 1128 564 manifestum
1147 520 1213 561 esse
1232 495 1374 561 arbitror

263 603 450 691 interpolata
464 628 483 667 a
497 604 702 689 grammatico
715 604 821 691 aliquo
836 603 931 667 verba
941 625 1007 666 esse
1021 601 1077 684 οὐχ
1091 601 1254 665 ὑπεύθυνος
1267 601 1371 671 πόλει,

264 708 371 773 σωθεὶς
395 705 419 769 δ’
446 709 553 786 ὁμοίως
582 711 672 785 τῆσδε
702 712 834 786 κοιρανεῖ
859 702 980 788 χθονός,
1009 704 1138 779 lacunae,
1167 717 1202 764 ut
1227 700 1371 778 videtur,

266 808 471 872 resarciendae
500 832 617 872 caussa.
663 806 806 895 AEschyli
837 830 910 892 quae
944 805 1039 869 fuerit
1073 803 1224 867 sententia
1252 827 1271 866 e
1300 802 1373 866 loco

264 910 355 974 simili
366 910 502 996 judicari
519 925 622 996 potest
638 911 724 995 Sept.
738 931 769 988 4.

439 1016 465 1076 εἰ
479 1015 608 1094 μὲνγὰρ
624 1014 657 1075 εὖ
671 1012 845 1092 πράξαιμεν,
862 1013 941 1074 αἰτία
956 1015 1034 1073 θεοῦ·

439 1113 505 1179 εἶδ’
521 1114 596 1190 αὖθ’,
613 1114 629 1177 ὃ
644 1116 684 1193 μὴ
699 1115 827 1197 γένοιτο,
844 1116 984 1194 συμφορὰ
998 1114 1093 1195 τύχοι,

436 1217 614 1295 Ἐτεοκλέης
628 1216 666 1280 ἂν
681 1218 722 1283 εἰς
735 1218 829 1283 πολὺς
844 1219 919 1279 κατὰ
932 1221 1040 1279 πτόλιν

437 1317 551 1399 ὑμνοῖθ’
566 1318 614 1382 ὑπ’
631 1321 730 1382 ἀστῶν
745 1321 894 1401 φροιμίοις
908 1316 1114 1401 πολυρρόθοις,

439 1421 626 1502 οἰμώγμασίν
642 1418 677 1492 θ’,
694 1421 736 1482 ῶν
752 1419 827 1484 Ζεὺς
842 1417 1032 1497 ἀλεξητήριος

440 1522 591 1600 ἐπώνυμος
605 1521 723 1600 γένοιτο
740 1522 895 1597 Καδμείων
909 1518 1006 1583 πόλει.

310 1640 383 1704 217.
407 1623 529 1706 λαβεῖν]
555 1622 759 1685 Scribendum
779 1628 880 1685 τελεῖν
894 1645 934 1685 ex
949 1622 1043 1685 AM.
1058 1619 1188 1706 aliisque
1210 1621 1372 1684 nonnullis

267 1741 298 1788 et
314 1724 399 1787 Rob.
415 1751 461 1804 γρ.
478 1729 578 1788 τελεῖν
594 1726 631 1786 Β.

312 1829 385 1894 218.
400 1831 437 1890 τὰ
453 1826 476 1889 δ’
494 1825 580 1908 ἀγάθ’
582 1828 593 1911 ]
609 1830 646 1890 τὰ
661 1825 686 1890 δ’
703 1829 802 1909 άγαθίι
817 1827 840 1891 δ’
859 1829 909 1892 M.
933 1831 970 1892 τά
984 1825 1087 1908 γαθότ’
1105 1826 1182 1890 Ald.

311 1947 383 2013 219.
401 1932 459 2012 χρῆ
475 1951 560 1992 error
577 1929 749 2016 typothetae
764 1951 823 2013 pro
837 1928 904 2012 χρή.

311 2050 383 2095 220.
399 2033 581 2115 πρευμενῶς]
599 2037 765 2113 πρευμενῆν
780 2032 858 2096 ΑΙιί.
883 2030 1088 2096 Scribendum
1104 2035 1263 2114 πρευμενῆ,
1279 2032 1368 2116 quod

266 2134 365 2197 estin
390 2136 517 2197 Barocc.
544 2137 648 2198 Turn.
670 2151 702 2199 et
723 2158 782 2221 pro
804 2157 867 2198 var.
894 2136 964 2198 lect.
988 2134 1020 2196 in
1044 2135 1130 2197 A.B.
1167 2134 1219 2195 Eo
1242 2149 1371 2221 recepto

266 2236 435 2301 delendum
452 2259 574 2300 comma
588 2253 658 2322 post
673 2237 756 2314 τάδε,
772 2237 858 2323 quod
874 2251 957 2300 recte
972 2237 1059 2300 abest
1072 2236 1114 2299 ab
1127 2234 1198 2298 edd.
1215 2250 1291 2299 vett.

310 2359 382 2425 223.
397 2339 559 2424 τᾶμπαλιν]
574 2342 741 2419 τοῦμπαλιν
755 2339 832 2404 Ald.
850 2340 934 2403 Rob.
949 2354 980 2403 et
995 2339 1114 2425 aliquot
1129 2339 1221 2403 codd.

311 2445 399 2525 γαίας
420 2444 524 2506 Turn.
555 2445 628 2524 yolo
648 2442 768 2530 aliquot
787 2442 878 2506 codd.
901 2457 932 2506 et
955 2441 1032 2505 Ald.
1054 2442 1137 2507 Rob.
1169 2442 1241 2525 γαίη
1264 2440 1314 2503 Μ.
1337 2456 1371 2503 et

269 2560 332 2609 tres
345 2544 406 2608 ulii.

313 2668 385 2729 224.
409 2647 597 2732 θυμόμαντις]
615 2650 678 2722 Qui
694 2649 898 2725 vaticinator,
915 2657 1069 2734 quatenus
1090 2647 1125 2709 id
1141 2646 1316 2730 prudentia
1340 2655 1371 2709 ct

255 2753 384 2839 judicio
387 2754 469 2835 fieti
479 2761 591 2837 potest.
615 2754 631 2814 ό
647 2756 695 2814 διὰ
709 2757 762 2814 τοῦ
777 2753 1010 2832 συλλογίζεσθαι
1023 2750 1237 2831 προγινώσκων
1246 2746 1281 2810 τὸ
1295 2748 1371 2826 μέλ-

265 2861 334 2918 λον.
359 2854 453 2916 Phot.
470 2860 599 2919 συνετῶς
617 2859 752 2933 προορῶν
770 2856 807 2915 τὰ
822 2853 1049 2931 ἀποβησόμενα.
1073 2851 1213 2935 Hesych.
1239 2848 1370 2935 Optime

266 2954 360 3019 schol.
382 2957 417 3018 οὐ
436 2958 526 3035 φύσει
547 2955 650 3034 μάντις
665 2954 717 3028 ῶν,
734 2953 802 3018 ἀλλ’
819 2954 878 3018 άπὸ
901 2961 1049 3036 λογισμοῦ
1072 2956 1187 3034 κρίνων.
1220 2951 1369 3037 Sophocl.

269 3056 349 3119 (Ed.
376 3058 417 3119 T.
444 3072 518 3140 397.
547 3055 688 3140 OEdipus
716 3055 756 3119 de
786 3054 934 3141 Sphingis
960 3055 1136 3146 aenigmate,
1161 3051 1279 3117 ἔπαυσά
1309 3078 1369 3126 νιν,

268 3160 374 3243 Γνώμη
389 3159 527 3239 κυρήσας,
542 3159 577 3221 οὐ
593 3156 617 3221 δ’
635 3157 683 3221 ἀπ’
700 3162 813 3222 οἰωνῶν
827 3160 938 3237 μαθών.
985 3155 1109 3220 Nemini
1126 3177 1186 3218 non
1208 3170 1370 3217 succurret

268 3259 491 3346 Euripideum,
511 3261 628 3328 Μάντις
650 3259 673 3324 δ’
689 3263 819 3343 ἄριστος,
836 3263 918 3327 ὅστις
941 3260 1046 3335 εἰκάζει
1069 3264 1174 3330 καλῶς,
1190 3257 1264 3321 sica
1280 3257 1370 3321 Cice-

268 3385 343 3426 rone
357 3362 397 3425 de
414 3363 485 3426 Diu.
505 3383 534 3440 2,
550 3384 581 3447 5.
598 3386 781 3427 conversum
796 3365 882 3426 Bcne
896 3366 951 3449 qui
973 3363 1116 3447 conjiciet
1135 3370 1238 3425 votem
1256 3361 1368 3444 perlai-

267 3465 338 3529 θοόο
359 3468 521 3551 optimum.
553 3466 710 3552 Apposite
729 3465 889 3528 Tlieocrit.
908 3483 960 3540 21,
976 3483 1028 3548 32.
1044 3462 1106 3530 Ὃς
1127 3466 1185 3543 γάρ
1208 3462 1245 3526 άν
1268 3461 1369 3547 εἰκάξῃ

269 3569 343 3630 κατὰ
357 3567 410 3630 τὸν
425 3570 505 3639 νόον,
522 3568 607 3633 οὗτος
619 3569 739 3649 άριστος
756 3566 865 3630 Ἔστιν
879 3568 1086 3647 ὀνειροκρίτας.
1121 3564 1235 3650 Eurip.
1252 3564 1368 3627 Helen.

270 3670 342 3752 763.
359 3671 464 3748 Γνώμη
479 3667 503 3730 δ’
520 3671 625 3749 ἀρίστη
644 3670 757 3749 μάντις,
773 3670 793 3746 ἥ
811 3668 835 3731 τ’
853 3670 1004 3745 εὐβουλία.
1052 3670 1149 3732 Ηυῐιο
1172 3668 1275 3731 locum
1297 3667 1369 3731 illu-

268 3784 347 3834 strat
362 3770 514 3833 Moschus
528 3791 560 3850 4,
582 3789 649 3834 122.
665 3777 752 3843 Τοῖα,
769 3773 853 3851 φίλη,
869 3797 919 3849 μοι
933 3773 1035 3852 ὄνειρα
1053 3775 1100 3834 διὰ
1120 3771 1232 3853 φρένας
1254 3772 1384 3850 ἐπτοίη-

269 3898 330 3936 σαν
352 3874 518 3957 Παννυχίῃ·
542 3876 579 3936 τὰ
597 3875 629 3934 δὲ
652 3872 749 3935 πάντα
768 3872 842 3953 πρὸς
864 3874 1023 3954 Εὐρυσθῆα
1044 3872 1179 3954 τρέποιτο
1202 3876 1295 3937 Οἴκου
1315 3871 1368 3954 ἀφ’

268 3973 431 4055 ἡμετέροιο·
455 3974 572 4055 γίνοιτο
587 3977 620 4037 δὲ
634 3974 738 4054 μάντις
753 3976 855 4058 ἐκείνῳ
872 3976 974 4054 Θυμὸς
995 3974 1074 4054 ἐμὸς,
1090 3973 1154 4054 μηδ’
1170 3977 1248 4038 άλλο
1262 4000 1371 4054 παρεκ-

268 4077 406 4141 τελίσειέ
419 4103 447 4140 τι
462 4079 583 4156 δαίμων.
621 4080 769 4141 Ceterum
786 4101 824 4140 ex
847 4077 895 4140 his
917 4077 1002 4155 locis,
1019 4094 1049 4141 et
1067 4077 1212 4165 Sophocl.
1228 4077 1307 4140 (Ed.
1325 4078 1368 4141 T.

272 4181 343 4260 708.
360 4179 433 4242 satis
448 4178 544 4265 liquet
560 4202 704 4265 quaenam
722 4179 816 4243 fuerit
833 4178 1020 4264 tragicorum
1037 4180 1077 4243 de
1091 4180 1281 4243 divinatione
1296 4201 1369 4242 sen·

270 4281 375 4344 tentia.
400 4281 513 4367 Odyss.
536 4289 571 4345 A.
594 4302 665 4346 200.
691 4282 781 4362 αὐτὰρ
802 4287 855 4345 νῦν
881 4307 926 4345 τοι
949 4284 1008 4364 ἐγὼ
1029 4285 1239 4362 μαντεύσομαι,
1264 4282 1303 4347 ῶς
1324 4283 1372 4345 ἑνὶ

271 4386 352 4466 θυμῷ
366 4381 528 4446 Ἀθάνατοι
542 4384 704 4461 βάλλουσι,
721 4385 770 4447 καὶ
783 4385 822 4450 ὡς
844 4384 1002 4449 τελέεσθαι
1016 4384 1100 4464 lfa,
1115 4385 1195 4450 Οὔτί
1217 4411 1245 4449 τι
1265 4382 1371 4463 μάντις

270 4485 337 4556 tui,
354 4480 413 4545 οὔτ’
429 4486 542 4546 οἰωνῶν
557 4484 643 4565 σάφα
660 4486 771 4550 ἰειδώς.
797 4485 970 4548 BLOMF.
