2978 5062
547 363 614 426 AD
639 362 827 427 PERSAS.

183 532 390 619 πράσσοντας]
407 530 583 613 πράσσοντα
597 534 681 598 Rob.

183 636 272 719 ἆγον]
292 635 368 715 ἆγον
383 636 432 697 Μ.
450 632 528 698 Ald.
545 634 631 698 Rob.

182 739 280 803 οἴκους
295 738 464 799 Porsonus.
488 738 519 801 ἐς
532 739 630 803 οἴκους
646 733 726 798 libri.

183 838 257 918 864.
273 839 369 904 ὅσσας
385 839 435 901 Μ.
458 839 534 904 ὅσος
548 837 654 922 vulgo.

176 937 303 1021 Ἀλυος]
324 937 496 1025 AEschylus
511 938 542 1000 in
557 937 661 1001 animo
676 936 802 1001 videtur
819 937 963 1002 habuisse
978 941 1138 1004 oraculum
1154 942 1239 1006 istud

139 1043 250 1106 Croeso
263 1040 385 1120 datum,
401 1046 529 1121 Κροῖσος
543 1039 643 1104 Ἀλυν
665 1043 772 1119 διαβὰς
793 1038 928 1122 μεγάλην
949 1041 1045 1124 ἀρχὴν
1068 1045 1239 1109 καταλύσει.

27 1195 38 1215 .
140 1144 316 1207 BLOMF.

181 1251 335 1324 ποταμοῖο,
359 1243 418 1309 οὐδ’
442 1243 611 1307 Βυτῐιείιιε.
640 1248 773 1324 ποταμοῦ
796 1242 855 1306 οὐδ’
878 1243 983 1330 vulgo.
1009 1243 1166 1325 ποπάμούδ’
1190 1247 1238 1311 vel

138 1348 243 1423 ποταμ’
259 1344 319 1409 οὐδ’
339 1347 377 1409 C.
397 1359 429 1408 et
449 1346 551 1408 Turn.
597 1344 690 1422 Quod
713 1343 877 1408 scholiasta
899 1344 974 1431 legit
995 1345 1132 1433 ineptam
1156 1370 1240 1412 com-

139 1446 303 1510 miniscens
339 1447 502 1535 synizesin‚
532 1445 718 1526 σκληροτίρα
750 1448 768 1526 ἡ
798 1447 969 1526 συναλοιφὴ
997 1447 1156 1528 ποτομοῦδ
1186 1449 1238 1531 ἀφ’

140 1552 250 1623 ἑστίας,
267 1551 332 1613 οἶόν
347 1549 459 1612 ἔστιτὸ
474 1554 527 1612 τοῦ
542 1549 629 1612 ἕνεκα
643 1549 779 1613 τούνεκα.

183 1649 257 1712 866.
274 1650 386 1733 συθεὶς]
404 1650 523 1716 συνθείς
539 1650 589 1713 Μ.

185 1752 257 1835 869.
271 1750 468 1835 Ἀχελωίδες]
484 1749 665 1834 Ἀχελωΐδος
679 1750 756 1813 Ald.
784 1752 883 1815 Recte
898 1751 1070 1827 scholiasta,
1086 1755 1149 1817 οίαί
1162 1757 1240 1819 εἰσιν

140 1853 172 1916 ol
191 1850 371 1935 Ἀχελωίδες
393 1856 488 1930 νῆσοι,
511 1856 563 1914 τοῦ
590 1853 771 1931 Στρυμονίου
795 1848 947 1932 πελάγους
972 1856 1003 1916 al
1023 1852 1159 1934 πάροικοι
1180 1861 1240 1919 τῶν

139 1955 278 2040 Θρῃκίων
292 1956 455 2018 ἐπαύλεων.
501 1955 614 2038 Inepte
629 1951 793 2016 scholiasta
806 1952 970 2030 recentior,
985 1954 1238 2034 παραθαλάσσιοι·

139 2056 273 2141 ἂχελῷος
287 2059 345 2137 γὰρ
359 2057 393 2119 τὸ
408 2058 484 2137 ύδωρ
500 2058 574 2118 κατὰ
589 2060 744 2135 γλῶσσαν.

183 2158 256 2239 870.
273 2159 422 2243 ἐπαύλων]
439 2159 594 2221 ἐπαύλεων
609 2156 693 2220 Rob.
718 2158 764 2220 Et
779 2155 832 2233 sic,
848 2155 897 2220 vel
914 2155 958 2220 ἐπ’
975 2155 1102 2230 αύλίων,
1118 2155 1239 2244 aliquot

138 2257 271 2322 codices.

183 2361 258 2443 871.
280 2361 402 2448 λίμνας]
418 2363 519 2442 λίμνη,
535 2383 632 2436 mare,
648 2363 667 2441 ἡ
684 2360 835 2425 θάλασσα.
859 2360 1000 2447 Hesych.
1023 2360 1078 2424 ubi
1102 2360 1172 2425 vide
1193 2361 1239 2425 in-

139 2478 242 2550 terpp.
271 2465 378 2543 λίμνας
403 2463 523 2528 ἔκτοθεν
549 2463 707 2527 Heathius
735 2477 767 2526 et
797 2462 966 2527 Schutzius
993 2461 1239 2550 interpretantur

135 2567 249 2652 procul
261 2587 282 2627 α
296 2567 388 2628 πτανά.
411 2564 528 2650 quibus
543 2565 669 2629 minime
683 2565 806 2630 accedo.
852 2563 1000 2651 Intelligo
1015 2565 1130 2651 potius,
1146 2577 1239 2632 cetra

138 2688 226 2730 more
247 2669 414 2753 Ξένωνα,
438 2665 563 2744 scilicet,
585 2689 659 2752 quae
683 2667 714 2730 in
742 2666 929 2744 continente,
952 2681 984 2730 et
1009 2666 1091 2730 circa
1113 2667 1236 2732 Helles-

138 2784 281 2855 pontum,
310 2767 448 2854 itemque
478 2767 674 2854 Propontida
700 2783 732 2831 et
762 2769 949 2855 Bosporum,
979 2768 1046 2854 regi
1075 2769 1237 2855 parebant.

183 2973 305 3036 ἔκτοθεν
325 2970 447 3035 codices
468 2969 594 3057 plurimi
615 2994 688 3035 cum
714 2972 845 3058 Steph:
881 2974 973 3059 pauci
998 2975 1141 3039 ἔκτοσθεν
1165 2997 1237 3039 cum

141 3073 218 3138 Ald.
235 3073 319 3137 Rob.
340 3075 444 3137 Turn.
490 3072 671 3153 Scholiasta,
689 3074 737 3139 rol
759 3074 815 3153 ἔξω
838 3078 888 3153 τῆς
910 3075 1067 3153 θαλάσσης
1088 3079 1158 3141 ὅσοι
1180 3079 1240 3143 etot

138 3176 322 3257 μεσήπειροι.

184 3279 256 3362 873.
280 3276 464 3356 ἐληλαμέναι
480 3277 547 3356 περὶ
568 3275 693 3359 πύργον]
718 3275 758 3338 Id
781 3289 828 3338 est
849 3276 1099 3356 περιεληλαμέναι
1115 3279 1237 3358 πύργον.

138 3387 200 3446 τοῖς
215 3382 329 3463 τείχεσι
345 3377 561 3456 κεκυκλωμέναι
575 3376 710 3463 explicat
724 3375 897 3454 scholiasta,
909 3378 1074 3459 ύψίπυργοι
1087 3376 1239 3462 glossator

138 3481 253 3546 codicis
267 3483 306 3545 C.
329 3479 511 3561 ἐληλαμέναι
526 3479 646 3564 primus
661 3477 782 3564 scripsit
799 3476 924 3563 Steph:
948 3495 1237 3566 proparoxytonum

140 3583 324 3664 ἐληλάμενοι
345 3582 445 3646 estin
461 3581 537 3645 Ald.
554 3582 639 3645 Rob.
656 3581 761 3643 Turn.
784 3603 823 3643 ex
845 3596 1003 3666 praecepto
1023 3581 1240 3667 grammatico-

139 3707 222 3761 rum,
238 3684 278 3747 de
299 3706 365 3769 quo
383 3706 411 3746 v.
429 3684 470 3746 L.
483 3682 684 3746 Dindorfium
707 3681 739 3743 in
763 3681 930 3745 Thesauro
954 3682 1104 3766 Stephani
1126 3683 1189 3747 vol.
1206 3704 1239 3769 3.

163 3787 262 3851 .682.

138 3809 160 3872 p
181 3889 253 3971 875.
269 3884 294 3948 τ’
309 3884 453 3948 additum
469 3907 507 3948 ex
526 3885 626 3948 Paris.
644 3906 708 3948 uno
722 3898 753 3948 et
768 3883 878 3948 Guelf.

175 3986 295 4055 Ἕλλας
316 3985 340 4051 τ’
365 3987 442 4067 ἀμφὶ
461 3990 554 4068 πόρον
572 3985 701 4072 πλατὺν]
719 3987 851 4050 Homeri
867 3985 963 4050 verba
976 3987 1027 4050 ἐπὶ
1040 3993 1149 4052 πλατεῖ
1165 3985 1237 4051 Ἔλ-

137 4094 298 4174 λησπόντῳ
313 4088 505 4175 comparavit
520 4087 694 4152 scholiasta.

182 4193 341 4275 εὐχόμεναι
356 4191 453 4254 Α.Μ.
468 4205 500 4253 et
520 4190 670 4254 Cantabr.
692 4192 857 4255 secundus.
882 4193 1023 4275 ἐχόμεναι
1038 4190 1116 4254 Ald.
1133 4192 1240 4256 Turn.

139 4295 299 4377 ἐρχόμεναι
322 4291 470 4356 Cantabr.
496 4291 617 4378 primus
639 4304 671 4355 et
694 4317 742 4373 γρ.
770 4293 807 4355 Β.
836 4293 999 4376 αὐχόμεναι
1023 4293 1104 4356 B.C.
1129 4294 1239 4358 Gueli.

140 4395 223 4459 Rob.
246 4397 411 4478 ἀρχόμεναι
426 4393 639 4458 Blomlieldus.

183 4497 256 4578 877.
279 4497 372 4578 μυχία
387 4521 418 4560 τε
434 4495 614 4579 Προποντίς]
630 4495 837 4581 Propontidis
852 4515 1002 4576 rectam,
1016 4498 1148 4565 annoso
1161 4500 1241 4563 Pro·
