2978 5062
199 344 267 411 ata
565 341 944 407 ANNOTATIONES

200 511 332 575 ἁπαλαῖς
345 512 437 591 χερσί
448 509 489 572 dc
505 508 626 573 vetulis.
672 508 756 586 Quin
773 522 895 574 tantum
918 508 1006 573 abest
1025 521 1061 572 ut
1075 517 1194 572 naama
1216 508 1309 575 innui

199 626 321 698 putem,
339 627 373 674 nt
389 609 491 674 locum
512 610 619 697 potius
633 610 673 675 dc
688 612 876 698 uirginibus
895 609 1076 697 intelligam.
1120 610 1216 687 Quod
1231 634 1309 678 vcro

199 713 243 777 ait
267 715 481 788 Hermannns‚
505 715 631 779 ἀταλαῖς
652 713 683 777 in
707 714 893 799 grandaevas
913 713 1060 776 mulieres
1081 711 1251 799 quadrare,
1272 714 1306 780 id

199 815 303 878 minus
325 815 517 879 considerate
539 814 657 880 dictum
679 832 743 888 est;
769 838 840 879 nanr
863 815 922 880 hoc
945 815 1104 903 epitheton
1120 830 1167 879 est
1189 818 1306 881 teneris

200 917 311 1004 puellis
326 916 500 1003 proprium.
540 917 655 1004 Odyss.
672 924 710 992 A,
723 919 776 1002 38.
792 918 918 999 Νύμφαι
932 921 970 997 τ’,
984 916 1082 996 ἠῖθεοῖ
1094 943 1137 990 τε,
1152 919 1306 999 πολύτλη-

198 1021 247 1083 τοί
265 1045 298 1083 τε
320 1018 459 1102 γέροντες
481 1021 667 1101 Παρθενικαί
685 1021 711 1081 τ’
727 1021 845 1094 ἀταλαὶ,
862 1019 1027 1084 νεοπενθέα
1049 1018 1142 1098 θνμδν
1164 1020 1304 1103 ἔχουσαι.

199 1121 324 1185 Chorus
339 1138 443 1184 autem
461 1136 523 1184 tres
545 1120 719 1207 lugentium
736 1122 846 1185 classes
860 1136 1092 1200 commemorat,
1108 1137 1170 1186 tres
1185 1120 1305 1188 doloris

196 1224 325 1309 gradus.
362 1223 516 1309 Virgines,
539 1222 608 1286 vela
633 1224 837 1309 proscindunt
858 1240 889 1289 et
912 1224 1065 1312 lacrymas
1089 1225 1304 1311 profundunt,

198 1349 319 1412 sponsae
333 1331 476 1388 πενθοῦσι
490 1327 572 1406 γόοις
587 1327 847 1408 ἆκορεοτοτότοιςι
869 1327 1005 1413 denique
1019 1326 1077 1414 ipsi
1094 1349 1182 1405 senes
1196 1327 1303 1392 fatum

197 1426 417 1491 defunctorum
433 1430 530 1511 probe
545 1450 580 1489 ac
596 1426 741 1492 decenter
754 1428 928 1515 deplorant.
954 1428 1129 1492 BLOMF.

242 1530 447 1608 διαμυδαλέοις
463 1531 512 1591 Μ.
535 1532 583 1592 διὰ
597 1530 755 1608 μυδαλέοις
770 1530 875 1616 vulgo.

240 1650 314 1714 541.
332 1634 363 1695 al
378 1629 401 1694 δ’
418 1631 574 1713 όβρογόοι]
592 1630 696 1694 schol.
713 1633 760 1695 καὶ
772 1634 803 1695 αῖ
817 1637 879 1699 τοῖς
893 1632 975 1714 γόοις
990 1632 1168 1710 δακνόμεναι
1179 1635 1304 1717 (δακρυ-

198 1734 320 1812 νόμεναι
334 1733 384 1797 ed.
401 1733 513 1815 Rob.).
551 1733 612 1814 Qui
630 1732 759 1796 fortasse
775 1736 809 1796 οἵ
821 1732 847 1798 θ’
862 1733 948 1820 legit.
985 1731 1081 1796 Alius
1095 1731 1191 1796 schol.
1207 1738 1305 1816 δβρο.

196 1837 264 1920 γόοι
279 1839 310 1900 αἱ
325 1839 514 1919 έντρυφῶσαι
528 1843 591 1903 τοῖς
605 1835 737 1919 δάκρυσι.

240 1955 315 2025 542.
332 1939 512 2025 ἀρτιζυγίαν]
527 1941 695 2022 ἀρτιζυγίηυ
710 1939 811 2003 Viteb.
836 1940 901 2022 όρτι
915 1939 1056 2020 συζυγίαν
1071 1939 1200 2003 Barocc.
1217 1939 1300 2004 Ald.

197 2042 281 2107 Rob.
314 2044 522 2125 δρτιουζυγίαν
543 2042 693 2107 Cantabr.
716 2041 847 2128 primus,
870 2057 902 2105 et
924 2040 1020 2103 sicin
1042 2039 1302 2128 interpretatione

196 2166 253 2209 sna
268 2143 440 2208 scholiasta.

238 2266 313 2331 543.
329 2245 354 2309 τ’
369 2269 431 2311 om.
448 2247 497 2309 M.
515 2248 643 2312 Barocc.
660 2245 737 2311 Ald.
754 2247 857 2312 Turn.

238 2349 637 2433 548-557=558-567·

236 2453 637 2537 5⁶8-575=57⁶-583·

237 2555 636 2640 584-590=591-597·

237 2660 312 2741 548.
323 2655 372 2739 δὴ]
388 2658 556 2719 Porsonus.
580 2659 639 2737 γὰρ
653 2654 688 2732 δὴ
702 2651 784 2732 libri,
800 2669 916 2739 praeter
930 2650 1109 2715 Parisinnm
1125 2673 1225 2715 unum
1240 2651 1300 2738 qui

195 2756 230 2836 bh
245 2757 359 2822 omisit.

236 2876 313 2944 549.
339 2856 460 2942 Ἀοιδς]
491 2859 597 2925 Ἀσίας
620 2856 698 2921 Ald.
724 2856 808 2921 Rob.
835 2858 939 2921 Turn.
968 2856 1076 2942 Steph.
1114 2883 1161 2938 γρ.
1187 2855 1298 2926 Ἀσιὰς

194 2960 304 3047 Steph.
327 2959 412 3025 Ἀσὶς
428 2958 635 3023 Blomlieldns
649 2974 740 3023 recte.

236 3077 311 3148 550.
325 3064 382 3141 pla
398 3063 566 3124 Porsonus.
587 3063 717 3143 μὲνγὰρ
733 3061 812 3125 libri.

235 3164 362 3250 ἤγαγεν]
379 3163 584 3228 Scribendum
600 3165 715 3246 ἄγαγεν
729 3186 800 3227 cum
818 3163 1014 3228 Blomlieldo.

235 3285 308 3353 550.
324 3269 399 3353 560.
415 3247 519 3352 ποποῖ]
535 3271 635 3329 τοττοῖ
648 3267 691 3330 G.
719 3265 817 3329 Nihili
832 3281 879 3330 est
893 3273 995 3343 ποποῖ,
1011 3265 1098 3352 quod
1114 3263 1147 3328 in
1162 3263 1211 3330 his
1226 3289 1295 3332 ver·

192 3370 278 3435 sibus
294 3369 472 3457 pariterque
485 3368 517 3431 in
534 3370 653 3455 Agant.
676 3386 764 3451 ιο72.
784 3371 876 3451 1076.
892 3368 923 3432 in
935 3374 1020 3432 τοτοῖ
1032 3366 1230 3432 mutandum.

234 3495 310 3559 552.
332 3472 416 3538 πάντ’
440 3473 568 3556 ἐπέσπε]
596 3474 760 3560 Frequens
780 3471 866 3560 apud
889 3473 1067 3535 Homerum
1092 3467 1207 3550 πότμον
1231 3474 1294 3538 έπι-

192 3581 290 3640 σπεῖυ.
305 3576 481 3640 BLOMF.
505 3573 661 3638 έπέσπασε
671 3590 733 3638 tres
746 3573 838 3638 codd.
852 3570 1046 3637 έπεοπόοατο
1055 3572 1184 3658 exponit
1196 3573 1293 3640 schol.

235 3676 421 3760 δυσφρόνως]
454 3677 652 3753 Calamitoae,
677 3697 773 3764 oegre.
826 3677 899 3740 Non
927 3690 1032 3740 autem
1061 3676 1293 3763 imprudenter,

192 3780 239 3846 uti
268 3780 362 3845 vertit
392 3777 564 3843 Stanleius:
597 3780 737 3861 δύσφρων
767 3778 843 3842 nihil
872 3776 959 3842 alind
988 3777 1161 3864 significare
1190 3793 1295 3865 potest

190 3906 286 3970 quam
308 3885 456 3968 defeatur,
479 3882 646 3946 luctuosae.
686 3879 755 3944 Vid.
776 3880 879 3945 Theb.
896 3880 969 3965 873.
992 3882 1109 3967 Agant.
1123 3898 1199 3966 549.
1216 3885 1292 3967 609.

192 3985 265 4072 835.
289 3986 467 4050 BLOMF.

233 4106 306 4174 553.
322 4091 484 4170 βοριδεοοι
498 4084 643 4170 ποντίαις]
658 4085 782 4165 βαρίδες
796 4110 829 4148 τε
843 4085 961 4147 ποντίαι
976 4083 1026 4146 Μ.

233 4206 307 4274 554.
322 4205 397 4276 555.
420 4191 451 4253 τί
462 4187 667 4269 ποτε-ἐπῆν]
694 4188 775 4250 Haec
790 4185 885 4250 verba
905 4184 937 4248 in
960 4207 1058 4249 unum
1076 4208 1199 4249 vernum
1214 4210 1289 4251 con·

184 4292 349 4379 jungenda
358 4293 538 4380 pariterque
552 4289 583 4353 in
599 4287 803 4375 antistropho.

231 4411 307 4479 554.
329 4397 360 4458 τί
371 4421 444 4460 ποτε
460 4403 498 4458 Δ.
510 4395 567 4472 μὲν
581 4394 655 4456 otro
673 4388 732 4455 τότ’
751 4389 894 4469 ἀβλαβὴς
916 4390 1006 4474 έπῆν]
1024 4389 1160 4455 οὐτίποτε
1176 4396 1214 4454 Δ.
1229 4391 1288 4471 μὲν

187 4495 246 4564 τότ’
263 4494 394 4579 έβλόβη,
411 4496 486 4576 ἐπῆν
500 4494 586 4560 Rob.
601 4517 640 4558 ex
655 4491 780 4558 scholio.
