2978 5062
515 373 585 434 AD
607 372 968 438 PROMETHEUM.

277 541 346 620 ὄρος
360 538 541 621 γάρἈτλας
557 541 671 620 Λιβύης
685 537 719 605 έν
734 540 883 623 έσχάτοις,
919 589 924 599 .
1040 550 1051 602 ’.
1086 597 1088 600 .
1175 540 1177 546 ’

208 647 212 655 ’
277 641 312 702 ού
327 640 380 719 τὴν
394 642 527 723 κορυφὴν
543 644 576 705 ln
592 644 692 722 νεφῶν
707 643 908 724 κεκρυμμένην

277 741 354 804 εἶναι
369 746 508 806 δοκοῦσιν
522 744 658 824 οὐρανοῖς
673 744 875 824 συνημμένην.

277 844 417 906 ἐντεῦθεν
432 844 486 907 οὖν
495 841 649 921 Ἕλλησιν
662 845 682 924 ἡ
696 848 870 927 μυθουργία.

273 943 430 1008 ΙἈτλαντα
444 947 548 1012 νύτοις
563 947 660 1011 εἰσαεὶ
674 945 772 1010 πόλον
787 947 903 1029 φέρειν.

192 1047 292 1110 SCH.
330 1045 479 1109 Eustath.
502 1069 533 1133 p.
554 1047 649 1130 1389,
664 1066 717 1130 59.
737 1045 850 1113 Ἀλλοι
876 1051 908 1112 bl
929 1048 1086 1113 Ἀτλαντα
1110 1049 1165 1112 τὸν
1187 1048 1293 1126 νοητὸν

190 1150 284 1227 άξονα
309 1152 422 1220 νοοῦσι,
445 1147 498 1211 τὸν
519 1151 568 1211 διὰ
585 1147 679 1227 μέσης
703 1152 754 1227 τῆς
779 1153 834 1230 γῆς
864 1149 1061 1228 ἐληλαμένον,
1086 1150 1135 1213 καὶ
1157 1149 1216 1213 άπὸ
1241 1153 1294 1213 τοῦ

190 1250 312 1331 βορείου
328 1251 370 1315 εἰς
384 1248 438 1311 τὸν
453 1246 553 1312 νότων
566 1247 664 1313 πόλον
679 1249 846 1329 καθήκοντα
867 1278 892 1314 κ.
909 1259 935 1314 τ.
951 1258 982 1315 λ.
1019 1249 1081 1318 *ος
1094 1251 1224 1333 συνεχὴς
1237 1250 1293 1329 μέν

191 1353 257 1414 ἐστι
280 1353 354 1413 κατὰ
378 1349 432 1427 τὴν
458 1348 588 1430 ὁλύτητο
616 1353 665 1415 καὶ
689 1353 740 1419 εἷς·
764 1352 809 1415 διὸ
837 1355 884 1418 καὶ
907 1354 1060 1435 Αἰσχύλος
1083 1355 1118 1416 έν
1141 1356 1297 1433 Προμηθεῖ

191 1454 276 1516 κίονα
296 1452 379 1516 εἶπεν
399 1455 502 1520 ἑνικῶς
524 1456 573 1517 καὶ
594 1454 630 1518 ού
649 1458 759 1522 κίονος.
784 1454 952 1519 STANL.
997 1454 1152 1518 Fabulam
1173 1454 1214 1517 de
1228 1455 1293 1517 At-

191 1554 275 1618 lante
303 1553 459 1640 copiosius
488 1555 635 1619 tractavit
664 1554 941 1620 Raoul·Rochette
969 1555 1002 1618 in
1036 1555 1294 1620 commentatione

193 1655 319 1720 Parisiis
333 1654 417 1718 edita
427 1677 456 1719 a.
471 1655 530 1740 183
533 1672 566 1739 5.
578 1657 733 1721 Μύνινὶτε
746 1679 805 1722 aar
818 1658 863 1722 loa
877 1659 1142 1744 representatione
1144 1658 1294 1744 figorem

188 1759 236 1824 ,ἀιι
244 1779 452 1844 perminago
465 1759 598 1823 Meua

234 1859 430 1941 ύποστεγάζει
451 1883 490 1924 ex
513 1860 693 1946 conjectura
714 1858 835 1926 editum
856 1861 1033 1924 Hermanni
1049 1863 1166 1948 Opusc.
1184 1864 1246 1925 vol.
1267 1882 1293 1924 1.

192 1983 225 2047 p.
244 1980 315 2040 114
330 1961 384 2024 sed
405 1984 443 2025 oa
457 1984 520 2025 non
536 1984 620 2025 vera.
666 1963 748 2027 Nam
773 1983 829 2024 noc
850 1961 965 2048 legitur
988 1987 1120 2049 usquam
1143 1963 1202 2028 hoc
1225 1987 1292 2027 ver-

192 2061 269 2125 bum
292 2085 363 2139 nec.
382 2062 406 2126 si
430 2060 597 2148 legeretur,
616 2085 685 2126 eam
710 2085 806 2149 quam
830 2062 881 2126 hic
906 2063 994 2128 locus
1015 2064 1153 2152 postulat
1173 2065 1293 2128 ferendi

192 2162 256 2226 sive
278 2163 462 2241 sustinendi,
487 2164 542 2228 sed
565 2164 690 2251 tegendi
716 2164 914 2251 operiendive
939 2165 1193 2251 significationem
1215 2181 1294 2230 esset

192 2264 385 2330 habiturum.
431 2264 520 2329 Libri
551 2289 659 2330 omnes
687 2267 891 2343 ὑποστενάζει,
917 2268 1003 2352 quod
1030 2268 1159 2331 verbum
1191 2268 1292 2354 ipsum

194 2390 320 2454 quoque
342 2366 469 2431 aliunde
488 2390 550 2430 non
565 2381 612 2431 est
627 2367 809 2454 cognitum,⁴
821 2368 977 2454 praebent,
997 2369 1054 2432 nisi
1073 2369 1159 2455 quod
1180 2370 1210 2432 in
1230 2370 1294 2433 edi-

194 2469 277 2532 tione
292 2467 478 2544 Robortelli,
495 2492 533 2532 ex
549 2492 648 2555 eaque
663 2469 694 2532 in
712 2469 934 2556 Stephaniana,
951 2471 1153 2551 ύποβαστάζει
1168 2469 1292 2557 legitur,

194 2571 372 2635 nullodum
389 2571 419 2633 in
435 2569 541 2635 codice
556 2571 737 2641 inventum:
762 2569 849 2656 quod
864 2571 1062 2635 manifestum
1078 2587 1125 2634 est
1141 2573 1294 2656 glossema

195 2674 381 2760 interpretis.
404 2673 598 2749 ὑποστενάζει
612 2671 795 2759 legitetiam
812 2672 976 2737 scholiasta
990 2673 1152 2751 recentior,
1164 2672 1220 2758 qui
1230 2672 1292 2752 μετ’
1401 2759 1409 2766 -

195 2776 299 2842 ὠδῖνος
312 2774 525 2855 (scribendum
538 2776 643 2854 ὀδύνης
656 2798 694 2837 ex
710 2775 779 2839 cod.
795 2775 899 2862 Lips.)
911 2776 1056 2860 ύπανέχει
1070 2775 1293 2861 interpretatus

193 2878 273 2942 bene
294 2876 421 2964 quidem
446 2877 540 2940 sensit
563 2877 642 2963 quid
667 2876 727 2941 dici
754 2877 909 2952 debuerit,
932 2879 984 2941 sed
1008 2878 1165 2942 notionem
1188 2877 1294 2941 intulit

188 3001 267 3063 quoe
288 3001 349 3044 non
372 2978 453 3042 inest
467 2978 564 3042 verbo
578 2978 799 3057 ύποστενάζειν.
845 2983 925 3044 Earn
941 3003 1001 3066 ego
1015 2979 1057 3043 sic
1078 3002 1144 3043 esse
1166 2979 1291 3043 restitu-

193 3079 305 3149 endam
321 3080 456 3145 arbitror
472 3094 507 3143 ut
522 3081 624 3145 νύτοις
638 3081 720 3161 άχῶν
735 3082 869 3157 στενάζει
883 3081 1046 3145 scribatur.

235 3200 311 3266 432.
333 3182 514 3266 ξυμπίτνων]
540 3180 629 3244 Libri
654 3188 828 3260 ξυμπιτνῶν,
853 3183 910 3247 nisi
934 3183 1019 3269 quod
1040 3182 1070 3245 in
1096 3181 1197 3246 tribus
1221 3187 1291 3261 ξυμ·

194 3285 309 3348 πίπτων
326 3299 384 3364 est,
399 3285 549 3348 usitatum
572 3281 654 3348 illius
675 3284 763 3348 verbi
784 3287 945 3370 glossema.
992 3283 1043 3346 Sic
1064 3283 1149 3369 apud
1174 3282 1294 3367 Sopho-

194 3385 272 3450 clem
289 3387 381 3471 Ajac.
397 3387 451 3471 58.
475 3388 627 3464 ἐμπίπτων
646 3384 677 3448 in
696 3385 886 3470 quibusdam
910 3385 1058 3469 scriptum
1079 3406 1137 3469 pro
1154 3383 1293 3467 eoquod

195 3503 329 3551 metrum
346 3486 483 3574 postulat
496 3487 653 3564 ἐμπίτνων.
691 3487 869 3549 Accentum
884 3484 1017 3549 correxit
1034 3482 1239 3548 Blomlieldus
1252 3507 1292 3548 ex

192 3590 410 3658 observatione
433 3587 584 3664 Elmsleii‚
600 3610 694 3673 quem
718 3612 747 3652 v.
772 3589 813 3652 ad
836 3587 952 3674 Eurip.
975 3589 1104 3652 Heracl.
1126 3605 1175 3668 77.
1200 3587 1293 3651 etad

196 3693 344 3757 Medeam
359 3711 413 3776 53.
429 3714 459 3777 p.
477 3692 530 3754 86.

236 3793 345 3879 βυθός]
361 3794 458 3874 βαθύς
472 3793 522 3856 Μ.
541 3792 623 3863 Rob.
975 3852 979 3860 .
1058 3852 1062 3860 .

237 3914 313 3979 433.
325 3893 428 3962 Ἀϊόος
442 3893 481 3978 δ’]
500 3893 684 3978 Legebatur
699 3892 722 3956 δ’
736 3892 840 3961 Ἀϊδος
853 3894 962 3959 vitiato
976 3908 1085 3958 metro.

237 4016 312 4082 434.
334 3997 445 4080 παγαί]
469 3998 562 4078 πηγαὶ
582 3994 704 4060 codices
724 3994 856 4082 aliquot,
880 3997 961 4081 inter
982 4017 1062 4080 quos
1087 3995 1137 4068 M,
1160 4006 1190 4054 ct
1214 3991 1290 4056 Ald.

198 4098 280 4163 Rob.
482 4158 485 4164 ,
616 4160 620 4168 ,

239 4198 280 4283 δ’]
296 4198 322 4264 ύ
340 4202 390 4264 Μ.

239 4303 410 4382 ἁγνορύτων
425 4302 593 4367 Heatltius.
631 4300 721 4365 Libri
737 4303 932 4383 ἁγνορρύτον.

225 4420 319 4486 <435τ
328 4403 461 4489 οἰκτρόν]
477 4406 582 4484 πικρόν
595 4404 715 4490 aliquot
729 4404 860 4479 codices,
874 4399 1031 4484 adscripto
1043 4399 1072 4463 in
1090 4421 1153 4463 uno
1167 4400 1291 4480 οἰκτράν.

238 4506 312 4588 436.
328 4528 374 4568 τοι
385 4505 437 4570 M.
452 4504 568 4593 aliique
582 4527 644 4571 uon
660 4505 752 4593 pauci
764 4521 795 4570 et
808 4504 890 4570 Rob.
915 4528 941 4566 τι
957 4503 994 4565 Β.
1011 4517 1042 4566 et
1055 4500 1133 4565 Ald.
1146 4502 1249 4564 Turn.

741 4630 752 4670 1
