2978 5062
307 354 376 418 AD
400 354 590 420 SEPTEM
615 355 868 422 ADVERSUS
893 359 1097 424 THEBAS.
1190 361 1254 428 147

148 520 251 604 Ὄγκα
273 522 339 607 (vel
355 525 470 607 Ὄγγα,
491 524 535 589 ita
555 524 638 590 enim
660 526 841 613 legendum,
864 549 926 589 non
952 529 1040 609 Σίγα,
1063 543 1253 593 monuerunt

152 621 219 707 alii)
236 626 312 689 κατδ
326 631 472 706 γλῶσσαν
489 632 548 690 τῶν
563 629 710 692 Φοινίκων
730 633 875 704 καλεῖται,
892 629 940 692 καὶ
959 630 994 694 οὗ
1013 629 1085 697 Σόϊς
1106 632 1180 694 κατὰ
1198 629 1253 707 τὴν

154 726 323 807 Αἰγυπτίων
337 726 449 808 φωνήν.
475 729 642 792 STANL.

195 827 253 908 πρὸ
266 825 398 914 πόλεως]
417 830 466 893 Sc.
482 852 555 916 quae
569 829 601 892 iu
617 830 734 917 templo
748 845 821 895 ante
834 831 990 894 civitatem
1005 830 1126 895 colitur.
1158 832 1252 896 Scho-

152 927 256 993 liastes
272 929 434 1016 Sophoclis
449 930 528 995 OEd.
547 932 589 994 Τ.
607 950 679 995 20.:
703 933 754 996 δύο
777 934 841 1013 ίερδ
862 935 896 996 ἐν
917 937 981 998 ταῖς
999 931 1119 1010 Θήβαις
1140 934 1253 1013 ίδρυται

152 1031 188 1117 τῇ
209 1029 333 1114 Ἀθηνᾷ,
348 1031 383 1095 τὸ
396 1034 452 1111 μὲν
465 1030 611 1114 Ὀγκαίος
627 1031 685 1115 (ita
705 1033 913 1106 scribendum,
930 1054 992 1097 non
1008 1035 1147 1116 Οίκαίας)
1163 1033 1197 1096 τὸ
1220 1037 1252 1097 δὲ

151 1130 311 1212 Ἰσμηνίας.
357 1134 522 1198 Pausauiae
543 1149 635 1198 aetate
657 1150 780 1198 tantum
802 1158 857 1198 ara
879 1134 1015 1211 subdio,
1031 1158 1068 1198 eo
1087 1134 1155 1220 ipso
1172 1134 1250 1211 loco,

152 1257 218 1320 quo
232 1233 288 1298 bos
308 1234 389 1298 fessa
410 1234 580 1321 procubuit
601 1250 633 1300 et
650 1235 817 1314 Cadmum,
834 1252 870 1302 ut
889 1239 998 1302 urbem
1021 1236 1179 1312 conderet,
1197 1236 1265 1300 ssd-0

152 1334 284 1400 monuit.
310 1337 478 1401 STANL.

200 1441 271 1523 165.
286 1438 435 1524 ἐπιρρύου]
452 1441 572 1520 ἔπιρόον
586 1440 684 1504 codex
701 1441 829 1505 Barocc.
845 1453 878 1504 et
892 1438 969 1504 Ald.

199 1540 380 1624 166—173.
398 1539 460 1604 His
474 1540 616 1605 versibus
630 1544 819 1626 respondent
837 1542 1015 1623 174-181.

200 1644 270 1706 166.
290 1642 465 1728 παναλκεῖς]
488 1649 649 1725 παναρκεῖς
670 1646 719 1708 Μ.
740 1645 951 1731 superscn'pto
976 1652 997 1707 λ
1018 1667 1038 1708 a
1061 1668 1102 1709 m.
1126 1668 1197 1722 rec,
1220 1661 1252 1709 et

154 1743 237 1808 varia
250 1742 343 1807 lectio
357 1743 389 1806 iu
406 1745 445 1807 B.

200 1845 270 1908 168.
285 1844 391 1931 τᾶσδε]
408 1843 500 1908 τᾶσδί
515 1870 551 1925 γε
566 1845 616 1910 M.

200 1947 269 2029 169.
289 1945 459 2031 δορίπονον]
481 1947 646 2027 δορίπονον
659 1970 731 2035 pars
747 1947 890 2012 codicum
905 1963 936 2013 et
952 1948 1029 2013 Ald.
1046 1949 1130 2013 Rob.
1147 1951 1250 2013 Turn.

154 2047 281 2112 Primus
294 2048 430 2112 correxit
447 2048 555 2135 Steph.

199 2164 271 2227 170.
298 2150 483 2234 ἑτεροφώνῳ]
512 2149 693 2229 Scholiasta,
719 2156 759 2237 τῷ
784 2151 825 2231 μὴ
849 2151 1063 2231 βοιωτιόζοντι.
1097 2150 1252 2229 ἐπειδὴδὲ

148 2248 300 2329 Ἕλληνες
314 2252 362 2315 καὶ
377 2253 406 2314 ol
419 2249 562 2333 Ἀργεῖοι,
578 2253 630 2316 οὐκ
651 2252 734 2317 εἶπεν
747 2255 990 2338 βαρβαροφόνῳ.
1029 2255 1103 2317 Non
1126 2276 1252 2340 respon·

153 2351 207 2416 det
229 2350 280 2417 hic
302 2374 409 2417 versus
433 2352 657 2440 antistrophico
684 2374 756 2437 179.
780 2357 941 2434 μελόμενοι
966 2356 990 2420 δ’
1015 2356 1151 2438 ἀρήξατε.
1188 2355 1253 2419 Cui

153 2453 230 2517 vitio
242 2453 299 2517 etsi
313 2454 405 2518 facile
419 2455 461 2518 sic
477 2455 594 2519 mederi
608 2455 679 2520 licet
695 2471 731 2521 ut
751 2460 985 2538 ἑτεροφωνοΰντι
1000 2463 1115 2545 στρατῷ
1138 2457 1252 2521 scriba·

154 2571 217 2632 tur,
241 2555 434 2642 probabilius
456 2570 559 2620 tamen
579 2558 690 2642 judico
717 2561 891 2645 ἑτεροφώνῳ
916 2559 995 2624 αλιος
1018 2583 1083 2624 esse
1109 2560 1252 2646 adjectivi

153 2657 315 2744 glossema.
340 2657 556 2738 ἑτεροβόγμονι
569 2659 700 2743 conjecit
716 2661 929 2725 Hermannus.

200 2776 270 2842 171.
288 2759 530 2843 κλύετε-λιτάς]
547 2761 629 2824 Haec
643 2761 676 2824 iu
693 2784 790 2826 unum
806 2786 930 2828 versum
945 2763 1157 2828 contrahenda
1172 2763 1253 2851 pari-

155 2873 264 2947 terque
278 2861 310 2924 in
325 2858 531 2945 antistropho.

196 2966 355 3030 πανδίκους
375 2961 496 3026 codices
517 2961 659 3049 plerique
681 2987 753 3029 cum
776 2965 858 3031 Rob.
877 2967 987 3053 Stepb.
1025 2965 1253 3030 Revocandum

153 3066 240 3154 quod
262 3067 294 3130 iu
316 3065 384 3129 aliis
398 3080 430 3129 et
444 3064 521 3128 Ald.
538 3067 641 3129 Turn.
656 3080 703 3130 est
716 3070 872 3135 πανδίκως.
906 3069 1031 3132 “Infra
1045 3066 1177 3152 667.Ἦ
1193 3066 1252 3147 δῆτ’

154 3168 192 3233 δν
207 3171 252 3248 εἴη
265 3170 412 3233 πανδίκως
425 3168 627 3248 ψευδώνυμος.
662 3168 805 3255 Cbocpb.
823 3189 895 3253 239.
910 3171 1058 3236 πανδίκως
1073 3173 1252 3253 ἐχθαίρεται.

154 3268 229 3334 ibid.
252 3272 327 3355 679.
350 3271 498 3335 πανδίκως
519 3268 712 3348 μεμνημένος.
752 3269 866 3356 Suppl.
889 3290 965 3349 414.
992 3277 1082 3352 γενοῦ
1107 3273 1254 3336 πανδίκως

155 3373 283 3452 εὐσεβὴς
296 3370 465 3453 πρόξενος.”
488 3370 662 3433 BLOMF.

201 3489 237 3558 17
239 3492 274 3558 5.
287 3471 312 3537 τ’
327 3470 450 3536 addidit
466 3470 623 3534 Seidlerus
637 3471 677 3535 de
692 3493 769 3534 vers.
785 3469 911 3535 dochm.
926 3495 957 3559 p.
973 3472 1044 3535 186.

197 3575 396 3661 ἀμφιβάντες]
419 3573 624 3638 Homericum
644 3573 677 3642 δς
692 3575 815 3655 Χρύσην
829 3573 1040 3656 ἀμφιβέβηκας
1061 3572 1254 3659 comparavit

153 3676 327 3742 scholiasta.

199 3795 270 3861 177.
287 3779 448 3860 φιλοπόλις
462 3773 539 3838 Ald.
574 3776 767 3855 φιλοπόλιδες
783 3776 824 3838 L.
856 3776 1034 3858 φιλοπόλιες
1048 3774 1132 3837 Rob.
1149 3773 1252 3835 Turn.

153 3895 195 3958 et,
211 3893 247 3943 ut
261 3878 397 3955 videtur,
413 3875 535 3942 codices
556 3875 707 3962 plerique.
753 3876 960 3942 Scribendum
982 3875 1161 3957 φιλοπόλεις
1180 3896 1252 3938 cum

155 3980 396 4047 Wunderlichio
411 4002 443 4066 p.
456 3997 507 4062 29.

199 4085 269 4167 178.
295 4081 428 4163 μέλεσθέ
452 4079 478 4144 θ’
505 4081 546 4144 Β.
577 4079 635 4143 nisi
663 4078 751 4166 quod
779 4079 932 4160 μίλλεσθε
954 4078 1063 4143 vitiose
1091 4077 1252 4164 scn'ptum.

151 4187 285 4267 μέλεσθε
299 4184 324 4250 δ’
341 4186 392 4248 Μ.
408 4181 522 4268 aliique
536 4204 607 4245 cum
623 4182 707 4246 Rob.
724 4183 829 4247 Turn.
854 4181 978 4263 μέλεσό
992 4180 1046 4247 alii
1059 4203 1131 4246 cum
1148 4180 1226 4246 Ald.

198 4288 296 4373 ἱερῶν]
312 4290 382 4369 ίρῶν
396 4286 437 4348 Ε.

201 4406 271 4474 179.
285 4386 462 4472 μελόμενοι]
477 4386 659 4464 μελλόμενοι
673 4383 752 4450 Ald.
768 4385 852 4451 Rob.

202 4493 271 4556 180.
287 4493 399 4556 πόλεος
413 4489 580 4552 Porsonus.
608 4487 725 4557 πόλεως
741 4487 821 4556 libri.

674 4611 694 4652 Τ
713 4609 732 4657 2
