2978 5062
189 316 233 377 80
558 312 935 379 ANNOTATIONES

232 482 356 566 λουτρά]
374 481 476 547 Schol.
490 481 531 547 ael
547 483 661 572 Eurip.
677 482 832 547 Pltoenisa.
847 502 923 568 349.
940 480 1035 549 Ι’ὑὶθος
1048 481 1085 561 ἦν
1105 488 1167 550 τοῖς
1185 492 1293 549 παλαι-

189 591 244 660 οῖς,
276 588 327 650 ότε
356 585 447 666 ἔγημέ
476 610 529 659 τις,
558 584 607 651 ε’πὶ
632 590 695 650 τοῖς
724 585 878 666 ἔγχωριοις
906 589 1049 664 ποταμοῖς
1077 585 1291 650 ἀπολοὺεσθαι.

191 688 365 753 BLOMF.
402 689 513 767 λοετρὰ
541 709 614 773 pars
642 684 786 749 codicum
815 699 847 749 ct
870 683 951 748 Ald.
988 685 1099 766 λοετρά
1127 710 1161 749 τε
1185 687 1289 758 Turn,

192 789 247 853 Ste
272 789 304 851 h.

231 811 305 974 527.
321 888 491 972 ὑμεναίουν]
503 886 681 968 Ὕμεναιόω,
693 889 909 974 Hymenaeum
923 896 1027 952 conto.
1044 887 1187 953 Photius.
1202 889 1292 966 Ὓμε.

190 997 302 1064 ναιοὺν,
319 990 353 1053 τά
369 989 452 1074 ᾄδειν
467 989 520 1053 τὸν
533 988 684 1067 ὑμέναιον,
700 990 749 1053 καὶ
768 989 930 1053 συνάπτειν
949 989 1002 1053 τάν
1023 989 1133 1072 γάμον.
1177 991 1292 1055 Nescio

189 1117 229 1158 an
250 1094 325 1158 alibi
347 1092 532 1180 reperiatur,
555 1090 614 1154 nisi
635 1090 722 1177 apud
745 1090 909 1178 Aristoph.
935 1091 1009 1155 Pac.
1031 1095 1124 1175 1076.
1147 1095 1218 1174 πρίν
1240 1119 1291 1157 κεν

188 1195 279 1261 λύκος
300 1194 347 1259 οἶν
369 1197 514 1273 ὑμεναιοῖ.
539 1192 592 1256 ubi
617 1191 720 1257 Schol.
747 1194 789 1258 είς
803 1191 915 1274 γάμους
929 1193 1043 1273 ἄγοιτο.
1058 1207 1090 1257 et
1105 1193 1181 1258 ibid.
1197 1213 1290 1257 1112.

192 1296 367 1359 BLOMF.

232 1398 308 1481 558.
332 1398 425 1460 ίότατι
444 1417 482 1459 ex
506 1396 605 1460 AM.
626 1393 757 1479 aliisque
782 1392 939 1458 nonnullis
959 1394 1140 1482 repositum.
1186 1395 1291 1481 Vulgo

190 1498 289 1577 ίότητι.
323 1507 343 1532 “
357 1495 460 1576 Ἰότης.
494 1496 632 1560 Laetitia.
674 1496 744 1559 Vox
771 1497 952 1574 Homerica,
980 1498 1066 1584 apud
1093 1499 1289 1578 recentiores,

188 1614 262 1663 ante
277 1614 385 1685 poetas
400 1595 608 1676 scholasticos,
624 1620 735 1683 parum
752 1598 894 1663 usitata.”
909 1600 1085 1664 BLOMF.

231 1699 444 1784 Ὁμοπότριον]
459 1700 616 1764 Nostram
631 1721 778 1765 acrorem.
795 1699 840 1764 uti
855 1714 937 1765 recte
951 1700 1175 1787 interpretatur
1185 1702 1288 1767 Schol.

189 1801 230 1864 B.
254 1802 431 1865 BLOMF.
478 1801 580 1865 Verba
591 1803 642 1865 ὅτε
656 1804 713 1865 τόν
727 1800 907 1883 ὁμοπάτριον
921 1819 993 1889 post
1007 1802 1158 1869 Ἡσιόναν
1173 1805 1290 1871 habent

189 1902 265 1968 Ald.
283 1903 367 1967 Rob.
382 1904 485 1966 Turn.
531 1905 715 1966 Correctum
739 1901 770 1966 in
794 1903 906 1988 Steph.
926 1904 1191 1971 consentientibus
1205 1907 1290 1971 codi-

189 2004 288 2070 cibus.

231 2108 305 2191 560.
322 2108 434 2189 ἀγαγες
449 2107 588 2170 Α.Β.Μ.
604 2105 720 2191 allique
734 2120 766 2170 et
782 2107 866 2170 Rob.
882 2107 994 2189 ἤγαγες
1011 2109 1087 2175 Ald.
1104 2111 1208 2173 Turn.

232 2207 394 2294 Ἡσιόναν]
409 2206 556 2286 Ἡσιόνην
572 2210 622 2272 Μ.
639 2207 750 2296 Steph.

233 2320 339 2404 πιθὼν]
354 2302 465 2385 πεὺθὺνν
480 2321 529 2383 Μ.

231 2424 307 2504 562.
329 2423 478 2507 χαλινοῖς]
497 2429 672 2506 χαλινοῖσιν
687 2423 737 2485 Μ.
753 2421 832 2487 Ald.
850 2421 933 2487 Rob.
978 2422 1044 2486 Alii
1067 2423 1209 2489 nonnulli
1231 2453 1286 2509 χα-

189 2528 311 2588 λινοῖσι.

231 2623 426 2707 πετρίνοισιν]
452 2626 617 2704 πετρίνοισι
644 2624 694 2687 Μ.
722 2622 838 2709 aliique
863 2648 934 2688 cum
962 2626 1040 2691 Ald.
1067 2627 1151 2692 Rob.
1183 2630 1286 2691 Turn.

190 2724 298 2810 Steph.
345 2725 385 2787 In
399 2723 491 2788 codd.
507 2722 696 2809 quibusdam
711 2723 855 2789 additum
874 2727 993 2807 ὀρείοις,
1009 2726 1041 2791 in
1055 2726 1123 2791 aliis
1138 2733 1199 2795 τοῖς
1212 2730 1288 2809 ὀρεί-

189 2852 242 2903 οις,
265 2825 351 2912 quod
373 2824 489 2888 habent
511 2825 590 2888 Ald.
615 2824 697 2889 Rob.
720 2831 818 2890 τοῖσιν
839 2829 945 2908 ὀρείοις
966 2844 1120 2893 corrector
1141 2829 1288 2892 metricus

188 2927 294 3013 posuit
315 2926 347 2990 in
372 2929 497 2990 Turn:
531 2926 571 2989 de
591 2949 656 3012 quo
676 2942 758 2991 recte
781 2928 891 3014 Steph.
915 2929 1014 2994 “Sed
1036 2952 1093 2994 nec
1114 2930 1145 2993 in
1162 2929 1289 2993 Victorii

188 3027 269 3092 libro
279 3028 414 3092 habetur
424 3032 521 3091 τοῖσιν
530 3029 648 3109 ὀρείοις,
658 3043 690 3093 et
701 3029 937 3115 explicationem
950 3030 1044 3094 fuisse
1052 3037 1104 3095 τοὺ
1112 3034 1287 3113 πετρίνοισι,

188 3153 261 3216 quae
282 3154 321 3194 ex
345 3129 484 3217 margine
509 3130 541 3193 in
567 3144 749 3195 contextum
776 3131 945 3218 irrepserit,
969 3155 1008 3195 ex
1031 3131 1192 3197 scholiasta
1213 3157 1286 3219 cog-

188 3232 319 3297 noscis?

230 3337 306 3422 563.
321 3332 650 3421 χειμαζόμενον-ἀτη]
666 3337 748 3400 Ηνοο
763 3332 860 3421 vulgo
874 3335 905 3398 in
922 3335 988 3399 duo
1002 3334 1152 3401 dimetros
1165 3335 1271 3401 divisa.

231 3437 410 3521 ἀμπλακίης]
425 3436 630 3501 Scribendum
647 3438 816 3518 ἀμπλακίας
830 3460 868 3501 ex
885 3438 971 3500 Aa.

231 3545 348 3606 ποιναῖς
359 3541 444 3603 Rob.
457 3538 566 3625 Steph.
577 3553 609 3603 et
621 3562 693 3625 pars
704 3539 859 3602 codicum.
881 3537 979 3602 Pauci
994 3543 1098 3606 ποινῖις
1113 3553 1148 3602 nt
1164 3540 1284 3603 Turn:

188 3639 295 3727 plures
307 3644 423 3717 ποινὰς,
438 3640 524 3726 quod
540 3655 587 3704 est
601 3641 633 3703 in
646 3642 696 3704 M.
713 3657 745 3706 et
758 3639 848 3720 Ald,
865 3663 947 3704 unus
961 3644 1074 3719 ποινῆς.
1090 3647 1111 3679 “
1123 3665 1171 3721 γρ.
1182 3645 1288 3708 ποινὰς

188 3744 289 3831 ἀλίκη.
335 3741 429 3821 Quod
458 3742 574 3806 durum
605 3742 682 3806 mihi
711 3742 855 3806 videtur:
890 3765 989 3828 quare
1016 3742 1064 3807 vel
1095 3742 1286 3807 retinendam

188 3842 350 3909 lectionem
366 3858 504 3908 nostram
522 3867 644 3924 censeo,
658 3843 706 3908 vel
729 3866 788 3930 pro
808 3848 913 3912 ποινὰς
934 3845 1026 3924 ὀλέκη
1048 3869 1086 3909 ex
1109 3847 1289 3932 conjectura

186 3944 313 4031 legerim
343 3946 433 4011 notati
462 3943 491 4009 o'
521 3945 631 4010 όλίκει.
678 3947 867 4032 Quanquam
895 3962 988 4010 antea
1017 3970 1044 4011 ν.
1074 3966 1146 4013 112.
1176 3948 1287 4035 plurali

188 4069 319 4111 numero
349 4071 425 4111 usus
448 4063 495 4112 est
520 4047 580 4111 hoc
604 4048 740 4122 nominc,
766 4047 888 4112 τοιόσδε
916 4053 1020 4117 ποινάς
1049 4049 1289 4130 ἀμπλακημάτων

188 4148 288 4213 τίνα.”
319 4151 486 4214 STEPH.
531 4150 603 4214 Non
634 4150 796 4236 probanda
821 4150 889 4216 lraee
919 4151 1070 4238 Stephani
1100 4152 1286 4238 conjectura,

116 4338 120 4345 ι
188 4271 283 4335 quam
299 4250 387 4316 ποινά
402 4250 432 4313 in
448 4250 537 4331 ποινή
552 4265 674 4316 mutato
689 4253 804 4340 recepit
818 4251 1032 4319 Blomfieldus.

231 4349 332 4414 όλέκει
347 4352 388 4414 Ε.
435 4351 539 4437 Vulgo
554 4352 653 4432 ἀλέκη.

232 4453 307 4535 564.
323 4452 393 4538 ἀτη]
410 4451 615 4518 Scribendum
631 4454 701 4519 ὅποι
713 4475 753 4517 ex
769 4454 819 4518 M.
834 4469 866 4519 et
880 4454 988 4520 Guelf.
