2978 5062
302 353 370 418 AD
393 353 586 418 SEPTEM
609 353 858 418 ADVERSUS
883 352 1085 418 THEBAS.
1181 353 1244 418 181

146 516 351 596 meminerim,
365 542 385 581 a
399 541 450 582 me
463 532 634 604 repertum,
650 519 784 585 mirabar
799 520 905 606 legens
925 521 956 584 in
973 520 1135 607 Aristoph.
1151 522 1245 608 Vesp.

144 623 220 704 456.
238 621 307 702 οὐχὶ
321 619 426 684 σαῦσθ
444 622 474 687 is
488 622 632 702 κόρακας;
656 622 752 687 schol.
769 625 911 704 ὁρμᾶσθε,
927 624 1121 704 πορεύεσθε.”
1155 624 1246 686 Hac·

146 737 238 786 tenus
259 720 308 784 vir
330 721 493 807 egregius;
517 722 573 808 qui
597 736 699 786 tamen
718 723 839 787 fallitur
856 723 895 787 de
917 724 1014 787 verbo
1033 725 1144 797 σοάειν,
1159 722 1248 809 quod

145 822 232 908 apud
245 821 545 908 Atticosnunquam
561 823 714 888 exstabat.
751 823 935 889 Callimach.
953 826 999 889 H.
1017 826 1098 888 Lav.
1116 825 1198 889 Pall.
1213 844 1246 904 4.

147 922 266 988 Σοδσθέ
278 948 341 995 νυν,
358 924 381 984 ιδ
396 920 513 1001 ξανθαὶ,
530 928 643 986 σοῦσθε
660 923 879 1005 Πελασγιάδες.
916 924 1147 989 Valckenaerius
1160 938 1248 989 nota-

148 1024 194 1088 vit
209 1023 400 1087 rarissimum
416 1028 499 1102 σοῦς,
515 1024 706 1088 Laconicum
729 1046 788 1109 pro
801 1031 908 1107 ταχεῖα
923 1026 1007 1106 ὁρμὴ,
1025 1039 1102 1089 teste
1118 1027 1249 1090 Platone

149 1126 271 1214 Cratyl.
294 1150 326 1213 p.
341 1147 405 1207 412
423 1128 462 1190 B.
477 1125 564 1211 quod
586 1125 813 1190 restituendum
831 1127 993 1213 Hesychio
1007 1149 1064 1213 pro
1079 1132 1192 1200 σοῢσις,
1209 1149 1249 1191 ex

151 1227 283 1293 Schowii
305 1227 478 1292 collatione.
524 1229 564 1290 In
589 1226 735 1313 Sophocl.
756 1227 906 1293 Trachin.
922 1230 997 1313 645.
1020 1233 1124 1293 σαΰται
1146 1226 1250 1314 legen-

149 1328 227 1394 dum
243 1353 302 1416 pro
316 1334 429 1393 σεῦται.
454 1330 629 1394 BLOMF.

192 1450 245 1515 34.
262 1433 294 1495 εὖ
312 1430 463 1515 θαρσεῖτε]
477 1431 649 1512 εδθαρσεῖτε
664 1429 775 1515 Steph.
800 1432 942 1495 Frustra.
967 1430 1079 1517 Suppl.
1091 1433 1164 1494 600.
1181 1435 1251 1513 Bap-

151 1538 242 1605 σεῖτε,
258 1537 370 1605 παῖδες,
386 1533 429 1595 εὖ.
456 1551 547 1615 1015.
565 1534 636 1612 ἐμῆς
651 1530 675 1595 δ’
691 1534 809 1614 ὀπώρας
824 1531 918 1598 οὕνεκ’
935 1534 968 1597 εὖ
983 1533 1098 1614 θάρσει,
1114 1532 1218 1614 πάτερ.

193 1634 248 1718 36.
280 1633 474 1716 κατοπτῆρας]
504 1638 671 1715 κατοπτῆρα
697 1635 747 1697 Μ.
784 1636 924 1699 Joannes
954 1634 1097 1698 Cinnam.
1129 1634 1249 1698 Histoe.

150 1757 185 1820 p.
203 1749 263 1819 157
281 1734 324 1797 D.
342 1738 525 1814 κατοπτῆρας
538 1737 595 1814 μὲν
610 1736 659 1798 καὶ
673 1736 812 1809 σκοποὺς,
828 1739 918 1801 ὁποῖα
934 1739 1071 1809 εἴθισται,
1088 1738 1130 1803 είς
1144 1735 1177 1798 τὸ
1192 1741 1252 1799 τῶν

151 1839 304 1917 πολεμίων
327 1835 461 1899 καθιέναι
485 1836 653 1918 στράτευμα
675 1839 782 1915 ἥκιστα
808 1839 964 1918 σύμφορον
988 1838 1075 1919 ἔγνω.
1111 1835 1167 1922 qui
1191 1835 1252 1900 loci

153 1936 317 2022 AEschylei
352 1935 534 2000 recordatus
567 1943 750 2018 κατοπτῆρας
784 1936 899 2002 dixisse
932 1938 1057 2002 videtur
1084 1961 1165 2023 quos
1199 1936 1253 2002 alii

154 2040 300 2104 κατόπτας
312 2051 433 2102 vocant.

195 2159 248 2225 39.
270 2137 457 2222 Ἐτεόκλεες]
470 2137 629 2206 Ἐτέακλες
642 2137 762 2224 aliquot
775 2138 869 2202 codd.
883 2153 915 2203 et
930 2138 1006 2203 Ald.
1024 2139 1108 2204 Rob.
1154 2142 1253 2204 Hunc

153 2262 276 2305 versum
302 2238 443 2304 imitatur
471 2239 606 2326 Eupolis
633 2240 720 2325 apud
750 2238 845 2303 schol.
869 2239 1034 2327 Aristoph.
1060 2243 1132 2305 Pac.
1160 2242 1252 2321 1046.

152 2340 325 2423 Ἱερόκλεες,
341 2340 485 2420 βέλτιστε
498 2346 682 2427 χρησμῳδῶν
696 2342 780 2419 dani,
797 2355 833 2404 ut
847 2341 980 2405 indicavi
1003 2341 1034 2404 in
1054 2342 1254 2406 annotatione

153 2443 193 2507 ad
216 2441 312 2506 schol.
334 2442 499 2528 Aristoph.
514 2443 576 2507 vol.
598 2462 631 2527 3.
655 2466 688 2529 p.
702 2443 777 2525 498.
797 2444 845 2508 ed.
862 2442 950 2529 Lips.
989 2445 1135 2530 Apparet
1156 2443 1254 2529 igitur

155 2543 287 2608 vocativi
297 2542 443 2629 exemplo
452 2543 512 2607 isto
524 2542 690 2626 Ἰερόκλεες
701 2543 777 2606 nihil
789 2544 926 2630 praesidii
942 2559 1086 2631 paratum
1099 2568 1164 2609 ease
1175 2545 1254 2609 infe·

157 2646 206 2710 lici
227 2644 422 2710 Valckenarii
439 2646 588 2729 (Diatrib.
613 2647 762 2733 Euripid.
789 2669 822 2733 p.
846 2648 937 2731 252.)
964 2646 1004 2710 de
1028 2645 1096 2710 loco
1114 2646 1254 2732 quodam

157 2746 325 2834 Eupolidis
355 2746 465 2826 Δήμων
493 2748 681 2831 conjecturae
711 2749 758 2812 xci
786 2747 885 2828 μηκέτ’
910 2750 988 2826 ὦναξ
1018 2748 1183 2815 Μιλτίαδες
1206 2747 1255 2812 καὶ

157 2851 330 2930 Περίκλεες,
346 2848 438 2913 etiam
452 2847 520 2912 aliis
534 2847 574 2912 de
588 2848 703 2912 caussis
717 2848 934 2935 reprobandae.

199 2970 252 3034 43.
276 2951 374 3013 Hunc
389 2971 512 3013 versum
528 2963 560 3012 et
575 2963 637 3012 tres
659 2949 801 3034 proxime
821 2965 986 3036 sequentes
999 2950 1074 3015 citat
1088 2950 1255 3036 Longinus

157 3077 189 3115 π.
204 3053 233 3115 ὑ.
250 3053 279 3132 ξ.
299 3067 348 3134 15.
387 3050 425 3112 In
449 3049 554 3112 codice
575 3049 644 3134 ejus
658 3049 808 3113 Vaticano
828 3070 897 3134 194.
922 3051 1077 3129 scribitur,
1095 3054 1137 3118 είς
1157 3052 1256 3131 μέλαν

158 3188 196 3228 σε
216 3168 268 3225 τοῦ
291 3164 385 3229 κύκος.
408 3175 441 3225 et
462 3161 493 3224 in
517 3161 615 3225 Vatic.
634 3177 728 3243 1471.
752 3165 793 3229 είς
814 3162 913 3242 μέλαν
935 3189 973 3227 σε
997 3165 1031 3227 τὸ
1052 3147 1145 3230 diros
1171 3163 1255 3247 (sic).

159 3263 342 3348 Suspicetur
352 3262 456 3326 forsan
469 3262 582 3348 aliquis
592 3266 635 3329 είς
643 3261 828 3342 μελάνδετον
838 3265 932 3329 κύτος.
957 3263 1096 3344 Infra49
1097 3282 1128 3346 5.
1139 3285 1256 3326 memo·

158 3380 246 3430 ratur
267 3363 368 3449 clypei
390 3365 569 3444 περίδρομον
590 3365 685 3436 κύτος,
707 3361 821 3446 Eurip.
839 3362 955 3425 Electr.
970 3379 1046 3443 470.
1069 3364 1255 3447 περιπλεάριρ

160 3468 247 3538 κάτει,
262 3464 284 3528 i.
299 3487 326 3527 e.
341 3465 457 3550 clypeo.
480 3463 612 3550 Antiop.
627 3463 668 3526 fr.
683 3482 715 3546 3.
737 3464 863 3528 ἀσπίδος
883 3464 971 3526 κάτει.
1009 3462 1071 3526 Sed
1090 3462 1181 3529 σάκος
1201 3462 1255 3526 ha-

159 3567 246 3643 bent,
268 3581 380 3651 praeter
402 3564 541 3650 Longin.
556 3563 576 3627 l.
592 3588 620 3628 c.
639 3562 773 3627 Aristid.
791 3562 852 3626 vol.
871 3580 900 3626 2.
923 3585 996 3649 pag.
1010 3580 1087 3647 317.
1112 3565 1256 3629 Stobaeus

161 3689 192 3749 7,
216 3688 265 3731 11.
291 3666 385 3730 schol.
407 3667 536 3729 Barocc.
558 3665 590 3728 in
611 3664 724 3751 Eurip.
749 3665 853 3728 Orest.
873 3666 946 3749 819.
972 3665 1067 3730 schol.
1090 3665 1255 3750 Aristoph.

161 3768 295 3856 Lysistr.
324 3770 392 3850 189.
418 3765 641 3852 Aristophanis
664 3765 765 3829 locum
793 3764 939 3851 deinceps
965 3766 1156 3831 adscribam:
1186 3765 1254 3829 Τίν’

160 3874 249 3951 ὅρκον
270 3871 411 3949 ὁρκώσεις
432 3865 498 3931 ποθΙ
520 3868 613 3945 ἡμᾶςς
638 3871 674 3929 Λ.
691 3869 812 3938 durium
835 3869 888 3933 Eis
908 3866 1020 3943 ἀσπίδ’,
1043 3870 1143 3948 ὥσπερ
1162 3868 1257 3948 φησίν

161 3972 280 4056 [φασὶν]
297 3971 449 4051 Αίσχύλος
463 3971 545 4041 ποτὲ,
563 3971 844 4050 Μηλοσφαγούσας.
868 3969 1044 4033 BLOMF.

205 4071 247 4156 is]
262 4076 304 4139 εἷς
320 4071 475 4134 Stobaeus.

202 4172 399 4255 μελάνδετον]
415 4172 527 4256 Nigro
546 4173 601 4250 (sc.
615 4169 711 4250 ferro)
731 4170 882 4231 vinctum.
918 4168 1098 4253 Hesychius
1112 4169 1259 4255 explicat,

161 4273 195 4336 τὸ
209 4274 357 4352 μέλαιναν
376 4273 448 4354 ἔχον
467 4270 580 4349 λαβήν.
616 4268 719 4331 Schol.
744 4271 781 4330 Α.
798 4269 952 4346 observat,
968 4270 1002 4331 τὸ
1023 4269 1206 4347 μελάνδετον
1228 4275 1260 4336 δὲ

162 4382 259 4442 καλῶς
284 4373 399 4456 (hadid
420 4373 525 4453 ξίφους
546 4372 658 4452 ῥηθείη,
685 4371 733 4433 ἐπὶ
759 4373 791 4432 δὲ
813 4369 923 4436 σάκους
943 4370 1087 4451 παρέλκει
1108 4371 1143 4434 τὸ
1163 4371 1258 4436 δίκον.

163 4477 244 4555 Vox,
267 4472 383 4560 saepius
403 4472 534 4536 deense
553 4471 665 4557 posita,
689 4469 774 4534 haud
793 4470 868 4535 alibi
890 4470 930 4535 de
951 4471 1257 4558 clypeoyadhibetur.

687 4588 743 4634 112
