2978 5062
560 352 627 414 AD
651 350 840 415 PERSAS.
1186 354 1252 415 248

150 544 201 596 μιν
226 520 337 601 ἐρείπει
361 526 427 603 Πῦρ
452 547 485 585 τε
515 523 564 586 καὶ
587 524 655 601 ὀξὺς
677 521 781 603 Ἀρης,
812 525 989 603 Συριηγενὲς
1018 523 1097 604 όρμα
1125 524 1249 586 διόκων.

150 619 316 685 Distichon
338 623 425 709 quod
447 647 465 686 e
488 623 605 688 Codice
630 625 729 688 MSto
749 622 889 709 vulgavit
911 623 1023 688 Iriarte
1041 623 1073 688 in
1097 624 1251 711 Catalogo

151 722 236 787 Bibl.
254 727 335 808 Reg.
354 725 489 812 Hispan.
505 749 537 812 p.
555 730 627 804 264.
646 724 745 793 Ἰνδος
766 724 809 789 ὅδ’
830 728 904 806 ἀνὴρ
925 728 1018 811 Τροίη
1040 729 1148 807 Σόρων
1166 724 1244 808 ἅρμα

151 827 263 889 διώκων
277 828 478 908 Πουλυδάμας
495 834 597 908 ,κεῖμαι
620 827 723 909 νεκρὸς
745 830 794 892 ἐπὶ
815 830 943 910 πατρίδι.
968 828 1021 892 ubi
1045 829 1121 892 mira
1143 829 1252 892 verbu·

149 950 218 991 rum
236 927 416 992 similitudo.
441 931 616 994 BLOMF.

79 1103 81 1106 Α
194 1029 245 1114 85.
272 1028 465 1116 τοξόδαμυος]
493 1031 564 1094 Vid.
592 1052 688 1124 suppa
712 1036 763 1098 26.
786 1031 938 1120 Diphilus
962 1030 1048 1118 apud
1074 1031 1195 1095 Athen.
1219 1034 1250 1095 6.

149 1155 181 1218 p.
199 1150 271 1216 223.
288 1135 326 1196 Β.
349 1138 463 1212 Λητοῦς
485 1135 558 1200 Διός
579 1158 612 1196 τε
634 1134 796 1215 τοξόδαμνε
813 1133 953 1216 παρθένε,
976 1132 1033 1201 Ὡς
1057 1137 1087 1197 οἱ
1105 1135 1254 1218 τραγῳδοί

150 1243 256 1315 φασιν,
272 1236 316 1301 οῖς
331 1233 454 1313 ἐξουσία
466 1233 573 1300 Ἐστὶν
586 1234 691 1317 λέγειν
706 1233 823 1299 ἅπαντα
838 1237 890 1299 καὶ
900 1241 997 1299 ποιεῖν
1012 1238 1097 1314 ὅμως.
1124 1237 1251 1322 Spectat

149 1337 230 1401 forte
244 1337 358 1424 Eurip.
377 1337 508 1424 Hippot.
524 1354 616 1419 1470.
631 1338 696 1417 Τὴν
710 1337 891 1415 τοξόδαμνον
902 1335 1046 1417 Ἀρτεμιυ
1058 1339 1249 1418 μαρτύρομαι.

151 1439 310 1526 Lycophr.
326 1460 417 1525 1331.
433 1441 497 1520 Τὴν
512 1443 694 1519 τοξόδαμνον
709 1440 859 1521 νοσφίσας
872 1437 1054 1521 Ὀρθωσίαν.
1075 1441 1251 1504 BLOMF.

187 1549 279 1635 Ἀρη]
298 1542 353 1634 άρῆ
369 1553 420 1616 M.
446 1552 594 1639 Plerique
605 1550 696 1615 codd.
708 1550 888 1631 Ἀρηνόιιπι
904 1549 981 1614 Ald.
1006 1550 1097 1615 Conf.
1108 1549 1148 1614 ad
1162 1552 1250 1636 Sept.

150 1675 181 1716 v.
195 1671 249 1735 45.

193 1755 244 1837 87.
269 1756 470 1820 Constructio
491 1772 549 1831 est,
565 1759 644 1823 ocra
666 1759 784 1836 δόκιμος
805 1759 925 1837 εἵργειν.
949 1777 1037 1819 acmo
1058 1756 1254 1840 odeoforlia'

148 1865 194 1920 eat
207 1866 244 1921 ut
257 1866 365 1920 arceat
374 1880 382 1919 ε
407 1856 450 1919 sic
469 1855 500 1919 in
522 1854 684 1919 Prometh.
700 1873 754 1940 59.
771 1856 867 1922 δεινὸς
881 1859 939 1937 γὰρ
955 1858 1053 1936 εόρεῖν
1068 1859 1121 1935 κάξ
1136 1857 1254 1940 ἀμηχά·

150 1983 209 2021 νον
231 1960 348 2038 πόρους.
395 1957 494 2021 Simili
517 1957 745 2021 constructione
771 1956 926 2020 Horatius
950 1978 1103 2043 asperare
1125 1961 1252 2044 pugnis

149 2060 306 2137 Nobilem,
330 2062 442 2124 Fortia
465 2069 613 2123 tractare.
652 2059 758 2123 Multa
782 2059 843 2122 alia
863 2059 933 2122 vide
957 2059 1044 2144 apud
1071 2059 1250 2124 Bentleium

147 2160 188 2224 ad
212 2163 325 2225 Horat.
348 2184 379 2246 p.
402 2181 435 2245 3.
459 2160 606 2225 Lambin.
633 2177 665 2224 ct
683 2162 722 2225 F.
748 2160 856 2225 Ursin.
878 2160 919 2225 ad
936 2160 1044 2246 Virgil.
1069 2161 1140 2225 Ecl.
1164 2180 1197 2247 5,
1222 2183 1249 2226 1.

151 2265 325 2328 BLOlllF.

193 2371 245 2434 90.
261 2349 396 2437 ὀχυροῖς]
414 2352 531 2434 ἐχυροῖς
547 2348 630 2413 Rob.
646 2364 678 2412 et
692 2347 783 2412 codd.
800 2346 900 2410 multi.

193 2453 317 2536 εἵργειν]
337 2454 447 2535 εἵργειν
462 2450 540 2514 Ald.
557 2451 640 2515 ltob.

193 2553 362 2638 θαλάσσης]
378 2554 537 2620 θαλάσσας
552 2566 635 2617 recte
650 2551 856 2616 Blomlieldus
870 2551 901 2613 in
916 2550 964 2616 ed.
980 2551 1090 2638 prima.

194 2674 246 2738 91.
262 2655 472 2763 ἀπρόσοιστος]
491 2657 552 2720 Per
566 2658 788 2735 ἀνυπομόνητος
802 2653 937 2741 explicat
952 2655 1143 2742 HesychiuS‚
1160 2655 1252 2742 cujus

149 2777 180 2840 in
196 2778 302 2842 codice
318 2774 496 2861 άπροσοὶτος
511 2779 672 2866 scriptum.

192 2880 333 2965 Περσῶν]
350 2882 556 2946 Scribendum
574 2888 700 2965 Περσᾶν
713 2904 783 2946 cum
801 2881 998 2946 Blomfieldo.

192 3001 242 3062 92.
259 2984 348 3066 λαός]
364 2986 441 3051 λεώς
454 2983 545 3048 codd.
561 2984 702 3049 nonnulli
716 3007 789 3048 cum
806 2984 890 3048 Rob.
909 2987 1014 3047 Turn.

192 3103 243 3167 93.
259 3084 388 3170 ἀπάταν]
405 3086 520 3165 ἀπάτην
533 3087 652 3171 aliquot
667 3086 759 3151 codd.

192 3186 304 3271 ἀλύξει]
320 3188 477 3250 Ενὶιαδῖί.
512 3190 583 3251 Vox
598 3190 779 3252 Homerica.
819 3186 936 3250 Rarius
950 3200 997 3249 est
1012 3190 1097 3272 apud
1118 3189 1252 3275 tragicos

149 3291 278 3376 simplex
306 3291 458 3369 verbum3
480 3293 615 3355 occurrit
639 3306 742 3354 tamen
770 3288 916 3373 Sophocl.
941 3290 1055 3374 Antig.
1077 3293 1152 3369 488.
1178 3316 1250 3357 cum

147 3393 294 3478 genitivo,
312 3392 367 3455 ubi
384 3391 445 3453 vid.
464 3392 604 3455 Brunck.
621 3408 653 3456 et
668 3391 786 3454 Electr.
803 3392 877 3472 627.
894 3388 1095 3474 Phrynichus
1109 3392 1140 3454 in
1159 3393 1252 3458 Pleu-

148 3495 242 3557 roniis
264 3517 315 3579 ap.
335 3496 470 3556 Pausan.
486 3493 517 3554 in
535 3493 660 3556 Phocic.
682 3515 716 3578 p.
732 3493 806 3576 348.
822 3491 870 3554 ed.
888 3491 1037 3578 Sylburg.
1056 3494 1179 3574 κρυερὸν
1193 3499 1251 3577 γὰρ

148 3599 200 3660 οὐκ
214 3596 304 3674 ἤλυξε
318 3597 420 3674 μόρον.
446 3594 621 3658 BLOMF.

192 3717 244 3778 95.
268 3695 417 3776 κραιπνὸς,
440 3696 540 3759 Veloc.
563 3699 685 3760 Iterum
712 3717 773 3759 vox
800 3695 979 3770 Homerica,
1002 3696 1088 3782 apud
1119 3697 1252 3781 tragicos

148 3797 303 3860 rarissime
318 3815 452 3883 reperta.
486 3801 568 3862 Cum
585 3798 694 3861 eodem
710 3798 906 3862 substantivo
920 3797 1065 3862 adhibuit
1081 3799 1252 3885 Euripides

149 3900 283 3986 Hippol.
309 3903 380 3978 842.
409 3899 522 3979 Πήδημ’
547 3903 578 3966 ἐς
601 3898 707 3963 Ἀιδου
738 3897 880 3979 κραιπνόν
909 3899 1068 3979 δρμήσασά
1096 3926 1155 3978 μοι.
1200 3902 1252 3965 De

149 4004 243 4087 liujus
260 4002 342 4065 vocis
354 4000 544 4088 etymologia
559 4001 649 4065 solito
664 4000 758 4063 modo
773 4016 933 4083 nugantur
952 4003 1157 4085 grammatici,
1170 4004 1251 4089 Ety-

148 4106 219 4169 mol.
238 4108 287 4166 M.
307 4128 338 4190 p.
354 4107 431 4188 536,
450 4122 499 4166 10.
515 4102 665 4166 Eustath.
681 4101 721 4164 ad
745 4100 837 4164 Iliad.
857 4107 891 4163 E.
915 4123 945 4185 p.
961 4120 1037 4183 541,
1052 4122 1105 4181 42.
1122 4112 1251 4192 κραιπνῷ

147 4211 215 4272 ποδὶ
229 4208 399 4286 πηδήματος
414 4206 551 4273 εὐπετέας
564 4227 619 4289 per
630 4203 789 4288 enallagen
805 4201 922 4266 dicitur
937 4225 995 4288 pro
1009 4209 1150 4283 κραιπνοῦ
1162 4209 1264 4277 ποδδς

147 4309 292 4388 πηδήματι
315 4309 441 4373 εὖπετέϊ.
488 4307 538 4371 Sic
555 4305 670 4390 Eurip.
688 4304 840 4369 Phoeniss.
857 4306 930 4383 670
947 4303 1119 4385 δεργμάτων
1135 4311 1252 4389 κόραισι

147 4434 205 4497 pro
228 4411 373 4494 δέργμασι
396 4416 497 4491 κορῶν.
544 4406 724 4472 Bruncltius
746 4406 867 4472 confert
891 4405 1038 4493 Sophocl.
1062 4408 1250 4523 Electr.19.

148 4514 261 4600 Eurip.
278 4513 353 4577 Hel.
369 4513 462 4597 1098.
486 4511 662 4575 BLOMF
