2978 5062
260 347 327 409 21⁸
623 348 1004 413 ANNOTATIONES

305 520 428 594 πεῖσμα,
452 518 561 582 Nomas
581 519 800 583 retinaculum.
821 520 972 600 πείσματα
985 522 1024 583 τδ
1034 524 1085 598 τῆς
1098 521 1215 601 πρόρας
1231 527 1375 604 σχοινία,

261 616 356 682 schol.
368 618 475 705 Apoll.
486 620 624 683 Rhoda.
634 622 706 703 652.
720 622 888 700 Πείσματα.
901 624 1024 704 σχοινία
1031 622 1169 703 ἀπόγεια,
1179 624 1373 702 πρυμνήσια.

263 720 404 806 Hesyoh.
428 724 548 786 Contra
572 723 696 796 Suidas,
721 725 881 801 Πείσματα
903 725 940 785 τὰ
965 723 1106 802 ἀγκόρεια
1128 727 1263 805 σχοινία.
1287 731 1375 806 παρὰ

261 823 296 885 τὸ
318 825 474 886 πείθεσθαι
496 823 531 887 δι’
555 825 650 888 αὐτῶν
674 825 728 902 τὴν
748 830 831 895 ναῦν,
855 846 873 885 a
895 847 959 908 quo
981 822 1123 886 dissentit
1146 825 1291 910 Etymol.
1319 829 1373 890 M.

261 946 292 1010 p.
308 926 381 999 668,
396 945 448 1000 41.
466 928 632 1004 Πείσμοτα,
648 929 686 989 τά
703 928 832 1006 ἀπόγεια
845 926 977 1006 σχοινία,
993 926 1109 988 πείθειν
1128 927 1177 988 καὶ
1199 930 1294 990 εἴκειν
1314 930 1374 1007 τὴν

261 1031 336 1090 ναῦν
357 1032 504 1100 ποιοῦσιν,
523 1027 651 1112 quicum
675 1026 748 1089 facit
773 1025 922 1088 Eustath.
942 1025 982 1088 ad
1003 1025 1096 1089 Iliad.
1122 1033 1157 1090 A.
1182 1049 1216 1113 p.
1240 1048 1314 1112 131,
1340 1048 1372 1110 7.

261 1127 393 1191 Rectius
428 1145 532 1191 autern
570 1130 778 1192 retinaculum
807 1150 902 1212 quum
932 1129 1052 1191 rudens
1082 1145 1231 1193 vertetur.
1272 1134 1371 1196 Nost.

260 1232 377 1315 Agam.
397 1232 467 1312 196.
491 1237 566 1294 νεῶν
587 1255 620 1293 τε
643 1232 691 1293 καὶ
704 1229 876 1308 πεισμάτων
890 1231 1032 1309 ἀφειδεῖς.
1070 1231 1182 1317 Suppl.
1200 1236 1278 1312 761.
1293 1235 1372 1298 Οὐδ’

259 1333 359 1413 ὅρμος,
375 1333 442 1396 οὐδὲ
458 1331 631 1410 πεισμάτων
645 1333 775 1411 σωτηρία
789 1333 842 1396 Εἷς
857 1334 914 1410 γῆν
930 1332 1075 1411 ἐνεγκεῖν,
1092 1332 1152 1395 οὐδ’
1169 1336 1204 1397 ἐν
1218 1336 1371 1417 ἀγκυρου-

259 1435 348 1516 χίαις.
380 1433 432 1498 cf.
448 1432 562 1517 Eurip.
580 1431 705 1494 Hecub.
721 1448 812 1513 1070.
829 1431 962 1516 Hippoi.
978 1435 1051 1512 762.
1077 1435 1252 1500 BLOMF.

306 1552 376 1617 113.
391 1533 552 1616 μηχαναῖς]
568 1531 774 1595 Scribendum
789 1540 938 1614 μαχαναῖς
952 1555 1023 1597 oum
1036 1535 1234 1601 Blomfieldo.
1259 1540 1372 1603 Verba

259 1635 328 1723 ipsa
341 1634 383 1698 de
397 1634 530 1698 navibus
544 1656 609 1695 csse
624 1632 824 1718 intelligenda
840 1634 961 1698 monuit
976 1635 1150 1701 scholiasta.

308 1755 377 1817 114.
391 1736 457 1820 μοι]
476 1734 682 1798 Scribendum
698 1761 755 1815 μου
769 1758 809 1798 ex
824 1737 873 1798 M.
889 1736 1020 1821 aliisque
1034 1739 1201 1803 nonnullis.

302 1838 507 1920 μελαγχίτων]
526 1838 627 1901 Ριιίία
638 1846 720 1901 veste
733 1839 874 1901 amictus.
899 1839 1042 1901 Fortiore
1057 1841 1242 1926 metaphora
1255 1846 1368 1929 expri-

259 1960 344 2002 mere
366 1939 464 2003 voluit
491 1939 706 2015 Homericum,
734 1935 827 2001 iliad.
848 1944 879 2001 P.
900 1941 951 2021 83.
970 1938 1103 2022 Ἕκτορα
1126 1942 1151 2005 δ’
1176 1945 1265 2007 αἰνὸν
1289 1949 1370 2029 ἀχος

258 2044 375 2108 πόκασε
396 2044 509 2125 φρένας
522 2045 751 2123 ἀμφιμελαίνας.
774 2055 805 2105 et
821 2047 857 2104 A.
877 2061 949 2124 103.
969 2043 1077 2122 μένεος
1097 2048 1130 2109 δὲ
1149 2046 1229 2127 με’γα
1251 2049 1370 2130 φρίνες

258 2145 477 2228 ἀμφιμίλαιναι
499 2142 678 2224 Πίμπλαντ’.
703 2143 756 2207 uni
779 2143 874 2206 schol.
901 2145 1011 2208 Venet.
1027 2146 1082 2225 ἤδη
1105 2150 1138 2211 δὲ
1165 2151 1195 2211 οῖ
1221 2153 1368 2233 νεώτεροι

256 2250 403 2330 μελαίνας
427 2252 481 2314 τὰς
506 2247 618 2328 φρένας
644 2247 749 2326 φασίν.
795 2245 902 2308 Nostri
927 2245 1091 2311 scholiasta
1117 2251 1298 2315 Homerum
1331 2255 1366 2318 in

254 2344 360 2410 auimo
382 2345 501 2422 habuit,
524 2367 624 2431 quum
648 2345 839 2426 μελαγχίτων
861 2367 918 2429 per
943 2347 1149 2426 ἀμφιμέλαινα
1175 2349 1364 2435 explicaret.

258 2447 346 2512 Male
367 2464 471 2512 nutem
495 2449 599 2535 pergit
618 2450 637 2527 ἡ
657 2447 766 2524 συνετὴ
788 2446 837 2509 καῖ
855 2448 889 2508 ἐν
908 2445 998 2523 βάθει
1016 2447 1145 2527 κειμένη,
1167 2452 1216 2512 καὶ
1239 2453 1367 2533 ἀφανὴς

256 2551 343 2616 αδσα.
367 2574 432 2637 quo
446 2551 478 2614 in
493 2572 597 2614 errore
611 2548 723 2612 versati
747 2560 820 2610 sunt
837 2547 968 2609 Homeri
993 2547 1185 2634 interpretes,
1202 2566 1234 2614 et
1250 2554 1364 2643 Hesy.

256 2652 357 2731 chius,
374 2653 525 2716 Μίλαιναι
546 2650 665 2732 φρίνες,
681 2652 712 2713 ol
725 2653 857 2727 βαθεῖαι,
874 2647 936 2709 imo
958 2649 1075 2724 tristes,
1090 2651 1230 2716 solicito.
1271 2657 1366 2721 The-

257 2753 349 2842 ognis
366 2773 456 2839 1199.
472 2754 523 2817 καί
532 2777 584 2831 μοι
598 2752 718 2830 κραδίην
733 2747 862 2826 ἐπάταξε
883 2746 1040 2826 μέλαιναν,
1052 2748 1140 2814 Ὀττι
1153 2779 1204 2832 ραι
1224 2756 1367 2829 εὐανθεῖς

256 2859 347 2923 ἄλλοι
370 2856 493 2937 ἔχουσιν
515 2855 633 2936 ἀγροός.
670 2854 785 2914 Noster
800 2850 943 2936 Choeph.
958 2869 1035 2930 411.
1059 2852 1228 2936 Σπλόγχνα
1251 2859 1287 2922 δέ
1309 2887 1366 2939 μοι

257 2962 446 3024 κελαινοῦται
469 2957 543 3037 πρὸς
569 2955 639 3021 ἔπος
665 2956 823 3017 κλύουσαν.
849 2951 961 3037 Suppl.
986 2971 1059 3036 792.
1088 2959 1300 3040 Μελανόχρως
1328 2966 1365 3026 δὲ

256 3059 409 3124 πάλλεταί
431 3084 487 3137 μου
511 3058 624 3138 καρδία.
663 3054 808 3141 Sophocl.
832 3055 923 3139 Ajac.
946 3057 1020 3140 968.
1040 3055 1084 3120 Ἦ
1108 3059 1146 3138 ῥα
1168 3065 1365 3128 κελαινωπδν

257 3161 363 3241 Θυμὸν
386 3162 548 3243 ἐφυβρίζει.
573 3158 627 3222 ubi
650 3156 775 3243 egregia
794 3155 940 3243 quoedam
960 3157 1122 3222 adnotavit
1141 3160 1364 3247 Musgravius.

257 3265 308 3329 cf.
326 3261 475 3327 Gutalrer.
491 3264 532 3327 ad
548 3264 597 3325 M.
616 3259 768 3324 Antonin.
784 3281 815 3341 4,
831 3259 883 3322 28.
907 3258 1002 3323 Solon
1017 3283 1068 3346 ap.
1084 3262 1180 3347 Diog.
1198 3263 1312 3331 Laert.
1333 3290 1362 3346 r,

256 3372 309 3432 61.
334 3372 462 3449 γλῶσσα
483 3365 517 3431 δί
536 3367 565 3429 οἱ
589 3366 745 3446 διχόμυθος
765 3361 819 3426 Ἐκ
835 3363 978 3442 μελαίνης
999 3363 1110 3445 φρενός
1134 3372 1262 3448 γεγωνῇ.
1304 3373 1360 3440 Cf,

256 3469 396 3535 Lobeclr.
421 3470 460 3535 nd
493 3467 638 3554 Sophocl.
671 3466 725 3551 Aj.
750 3484 821 3548 945.
847 3464 1021 3526 BLOMF.
1069 3469 1200 3531 Sensum
1227 3483 1260 3532 et
1283 3494 1363 3536 con·

255 3571 454 3636 structionem
478 3572 574 3636 totius
595 3567 653 3630 loci
678 3581 760 3629 recte
783 3564 950 3628 declaravit
975 3565 1162 3647 Brunclrius‚
1189 3573 1239 3634 διὰ
1263 3578 1362 3640 ταῦτα

255 3679 408 3754 φοβοῦμαι
422 3676 496 3755 ὑπὲρ
510 3678 563 3737 τοῦ
576 3672 726 3747 Περσικοῦ
740 3670 966 3749 στρατεύματος,
981 3668 1021 3746 μὴ
1036 3671 1123 3735 πόλις
1137 3672 1265 3749 πίθηται
1281 3723 1289 3736 .
1304 3723 1312 3739 .
1327 3725 1335 3739 .
1352 3723 1361 3741 .

256 3772 353 3837 καὶτὸ
370 3779 515 3840 Κίσσιυον
537 3768 660 3848 πόλισμ’
681 3769 857 3832 ἀντίδουπον
876 3769 1008 3839 ἔσσεται,
1024 3776 1077 3833 τοῦ
1098 3782 1361 3854 γυναικοπληθοῦς

255 3874 361 3952 ὁμίλου
377 3877 531 3950 ἀπόσιτος,
548 3876 596 3944 όά,
615 3869 661 3932 καὶ
675 3869 715 3946 μὴ
729 3874 913 3933 λακισθῶσιν
926 3871 955 3932 ol
968 3871 1111 3949 βύσσινοι
1125 3872 1245 3937 πίτλοι.

302 3992 371 4055 115.
389 3974 569 4059 ἀμύσσεται]
587 3970 732 4048 ἀμόσεται
748 3971 797 4033 Μ.
829 3973 944 4034 Versus
959 3969 990 4032 hi
1006 3971 1048 4034 sic
1064 3989 1134 4037 sunt
1150 3973 1313 4042 dividendi

598 4067 690 4132 ταῦτά
704 4075 891 4157 μου-φόβῳ

600 4172 649 4242 do,

602 4274 948 4345 Περσικοῦ-Σουσίδος.

603 4368 652 4431 καὶ
666 4368 859 4452 τδ-ᾅσεται.
