2978 5062
596 364 665 427 AD
688 365 877 429 PERSAS.

234 548 307 614 259.
322 531 484 616 διαίνεσθε]
500 534 650 598 διαίνεσθε
665 531 788 599 δάκοοσι
801 535 884 599 Rob.

234 633 307 695 260.
323 629 420 696 πάντα
433 632 475 719 γ’]
490 632 576 698 πάντ’
592 633 671 698 Ald.
689 636 773 699 Rob.

232 735 487 821 διαπεπραγμένα]
513 737 733 802 Ρεοςτιοιάαίο.
768 737 1011 820 Διατίπραγμαι,
1036 740 1151 803 Actum
1176 750 1223 805 eet
1250 743 1290 806 de

188 857 247 900 ure.
292 837 333 900 Iu
358 837 417 902 lr‘oc
443 861 534 902 sensu
558 839 753 926 praeteritum
775 854 899 905 tautum
924 840 1062 928 ponitur.
1102 841 1193 906 Infra
1215 857 1290 928 523,

190 938 231 1003 0t
253 941 312 1022 ἐγὼ
334 938 464 1005 τάλαινα
485 942 742 1024 διαπεπραγμένου
764 948 901 1025 στρατοῦ.
939 943 1082 1030 Choeph.
1100 944 1172 1008 868.
1188 950 1290 1010 διαπε-

191 1042 352 1128 πραγμίνφ
375 1045 545 1130 iamfato.
576 1043 653 1109 ibid.
679 1048 772 1110 1006.
798 1050 935 1132 Στνγερῷ
957 1045 1075 1132 θανάτῳ
1101 1045 1291 1131 διεπράχθης.

192 1143 305 1230 Eur-ip.
323 1145 438 1208 Helen.
455 1146 528 1225 864.
551 1145 704 1220 Μενέλαε,
728 1144 970 1229 διαπεπράγμεθ.
1007 1148 1156 1234 Sophocl.
1173 1148 1291 1215 Trach.

192 1246 265 1326 786.
287 1251 350 1310 Τοῦ
371 1249 429 1327 μὲν
451 1252 620 1322 νοσοῦντος,
645 1253 698 1313 τοῦ
718 1250 751 1312 δέ
773 1249 1042 1331 διαπεπραγμένου.
1080 1251 1163 1315 Haeo
1185 1251 1293 1317 citavit

191 1346 346 1412 Abresch.
383 1346 505 1412 Eodem
529 1371 620 1413 sensu
646 1349 731 1437 apud
755 1349 869 1437 Eurip.
895 1352 967 1416 Ion.
990 1367 1065 1438 353.
1104 1353 1292 1441 Simpliciter

192 1449 321 1536 ponitur
346 1472 404 1535 pro
423 1460 573 1538 peracuta
596 1451 628 1515 in
653 1452 796 1540 Choeph.
820 1469 894 1539 737.
918 1453 1032 1542 Eurip.
1059 1454 1174 1521 Helen.
1197 1475 1292 1542 1193.

192 1552 368 1616 BLOMF.

239 1657 310 1720 261.
327 1655 415 1722 αὐτὸς
429 1655 597 1720 Porsouus.
621 1656 726 1724 τοίσδς
740 1655 820 1721 libri.

236 1754 275 1842 δ]
290 1755 317 1839 γ’
334 1756 483 1822 Cantabr.
499 1780 558 1822 sec.

237 1861 309 1943 265.
333 1857 461 1944 ἐφάνθη]
484 1857 621 1941 ἐφαάνθη
634 1874 787 1946 quattuor
805 1859 896 1925 oodd.
912 1876 944 1924 et
958 1860 1035 1926 Ald.
1052 1862 1157 1925 Turn.
1194 1859 1292 1944 ἐφάνη

189 1960 236 2025 ·A.
252 1960 368 2045 aliique
382 1959 533 2024 nonnulli.

238 2063 379 2148 γεραιοῖς]
394 2068 528 2145 γηραιοῖς
540 2062 618 2127 Ald.
634 2061 718 2127 Rob.

240 2167 312 2229 266.
328 2165 376 2250 γε]
391 2191 425 2229 τε
440 2165 489 2228 Μ.
504 2162 629 2250 aliique.

240 2270 312 2349 267.
338 2265 469 2351 Πέρσαι]
490 2265 623 2346 Πέρσαις
648 2265 732 2331 Rob.
769 2266 891 2330 Eadem
921 2266 1061 2332 lectionis
1086 2266 1295 2354 dieorepantia

195 2392 225 2435 v.
239 2389 312 2453 255.
350 2370 495 2432 Fortasse
510 2367 679 2455 utrobique
693 2366 818 2432 dativus
833 2368 1056 2456 praeferendus.

241 2473 636 2555 268-271=274-277.

240 2575 312 2639 268.
336 2591 408 2657 274
431 2573 577 2658 ὀτοτοτοῖ]
604 2575 670 2636 δτο
683 2578 794 2637 τοῖτοῖ
815 2573 865 2636 Μ.
885 2571 938 2637 hic
962 2583 993 2636 et
1017 2571 1108 2637 infra.
1145 2571 1294 2637 Aliorum

195 2671 346 2738 librorum
361 2673 437 2738 vitia
451 2688 525 2739 sunt
539 2675 672 2738 ὀτοτοτοῖ
686 2674 741 2752 τοὶ,
756 2672 804 2737 vel
820 2675 967 2738 δτοτοιτοῖ
979 2673 1036 2752 rol,
1052 2672 1102 2737 vel
1116 2675 1294 2739 δττοττοτοῖ.

240 2793 313 2858 270.
329 2776 396 2861 γῖις]
409 2779 464 2858 γῆς
478 2775 556 2839 Ald.

237 2875 372 2963 Ἀσίδος]
396 2877 537 2946 Ἀσιάδος
561 2877 683 2965 aliquot
711 2877 802 2942 codd.
831 2892 863 2943 et
889 2878 972 2942 Rob.
1011 2885 1032 2917 “
1044 2875 1166 2945 Ἀσίδος
1194 2877 1297 2965 prima

196 2977 301 3065 longa.
325 2978 437 3066 Suppl.
451 2999 526 3064 544
540 2978 652 3045 Ἰάτττει
666 2979 691 3044 δ’
705 2978 827 3048 Ἀσίδος
843 2978 879 3045 δι’
895 2983 971 3048 αίας.
1001 2979 1097 3045 Ovid.
1115 2982 1247 3045 Metam.
1262 2995 1297 3065 5,

193 3082 270 3162 648.
299 3083 377 3145 «lum
401 3103 498 3168 nuper
520 3083 675 3170 Europen
697 3084 841 3148 sublimia
863 3092 894 3147 ct
916 3084 1018 3147 Anido
1044 3083 1179 3147 terrm.''
1213 3105 1297 3147 nua-

197 3204 311 3247 ηκτοι.
349 3182 499 3269 Apollon.
529 3183 637 3248 Rhod.
665 3204 694 3260 1,
719 3202 793 3264 444.
827 3181 941 3264 Τηλόθι
974 3209 1032 3249 που
1065 3183 1217 3265 τέτρωται
1250 3183 1296 3250 ἐπ’

196 3284 318 3352 Ἀσίδος
331 3286 473 3367 ἠπείροιο.
505 3306 535 3362 2,
552 3303 626 3369 779.
644 3284 708 3351 Οἶδ
724 3287 844 3360 ἐσιδὼν,
859 3286 910 3348 ὅτε
926 3290 1011 3367 δεῖτρο
1026 3284 1061 3349 δι’
1076 3283 1198 3352 Ἀσίδος
1211 3286 1295 3366 τ’μτεί·

195 3415 270 3470 ροιο.
296 3387 379 3466 Quin
395 3402 427 3452 et
440 3388 526 3475 apud
542 3386 730 3474 Dionysium
746 3385 869 3470 Perieg.
881 3407 973 3448 vooes
985 3384 1106 3452 Ἀσίδος
1122 3388 1186 3467 οίης
1198 3386 1296 3450 hexa-

197 3505 331 3555 metrum
347 3489 461 3576 soepius
471 3489 632 3554 claudunt.
655 3487 814 3552 Nicander
825 3485 919 3550 Alern
933 3505 961 3551 1.
978 3489 1016 3551 El
1030 3488 1078 3551 καὶ
1091 3487 1132 3566 μὴ
1144 3487 1299 3570 σθγκληρα

198 3587 259 3653 κατ’
274 3586 384 3654 Ἀσίδα
393 3590 496 3676 τείχεα
510 3593 604 3669 δῆμοι.
628 3586 722 3651 ovid.
735 3588 868 3650 Metam.
880 3606 913 3671 9,
924 3603 999 3668 447.
1014 3595 1044 3650 et
1054 3587 1090 3649 in
1102 3586 1200 3650 Aside
1210 3597 1299 3652 terra

197 3691 323 3753 Moenia
336 3693 512 3754 οοτιοίῖίιιῖο.
536 3692 668 3754 Homer.
685 3688 777 3754 Iliad.
795 3695 827 3752 Β.
841 3690 918 3769 461.
931 3687 1027 3775 Ἀσίφ
1042 3690 1077 3753 ἐν
1090 3693 1222 3768 λειμῶνι.
1241 3687 1298 3753 ubi

196 3791 334 3855 absurda
354 3792 500 3878 quoedam
521 3793 739 3880 exoogitaruut
756 3791 951 3879 grammatici
972 3791 1012 3856 de
1030 3793 1109 3855 Αςίο
1128 3805 1232 3878 prato,
1254 3789 1299 3855 ςὶο

198 3892 284 3957 dioto
298 3895 339 3959 ab
353 3896 430 3963 δσις.
464 3895 536 3960 Vid.
552 3894 700 3961 Lambini
715 3895 756 3960 ad
772 3896 938 3959 Muretum
954 3891 1130 3980 Epistulam
1145 3893 1177 3956 in
1193 3892 1298 3980 Epist.

200 3995 322 4060 Claror.
339 3996 439 4061 Viror.
459 3999 520 4062 vol.
536 4015 567 4062 2.
590 4020 621 4084 p.
636 3998 711 4077 408.
759 3998 859 4061 Reate
884 3995 991 4082 igitur,
1013 4011 1049 4059 ut
1070 3994 1192 4081 opinor,
1214 3996 1299 4059 Her-

199 4120 334 4162 mannus
347 4098 379 4162 in
395 4099 509 4186 Eurip.
522 4100 641 4163 Electr.
654 4114 728 4185 315.
745 4097 895 4185 reposuit,
907 4097 981 4180 πρὸς
995 4095 1019 4161 δ’
1032 4097 1165 4178 ἕδραισιν
1178 4095 1300 4165 Ἀσίδες

200 4202 306 4282 Aponi
343 4200 507 4277 στατίζονσ’
552 4225 611 4288 pro
643 4198 789 4286 vulgatis,
831 4199 903 4281 τρδς
943 4200 967 4263 δ’
997 4199 1095 4280 ἕδραις
1121 4196 1298 4277 Ἀσιάτιδες.

199 4304 375 4367 BLOMF.
422 4303 515 4368 Cous.
541 4303 582 4368 ad
613 4305 721 4367 Prom.
749 4317 822 4387 735.
848 4316 881 4365 et
907 4304 994 4366 Pers.
1019 4319 1092 4384 249.
1120 4314 1197 4385 549.
1225 4303 1297 4387 763.

200 4403 349 4469 Similiter
360 4406 494 4487 Δωρίδος
504 4405 535 4470 in
550 4402 702 4487 Δοριάδος
714 4414 898 4490 oorruptum
911 4403 943 4468 in
959 4401 1046 4467 libris
1059 4399 1204 4489 pluribus
1217 4401 1300 4467 infra

201 4527 230 4570 v.
246 4506 319 4588 817.

702 4606 796 4672 ulra
