2978 5062
494 306 563 367 AD
585 304 946 370 PROMETHEUM.

256 475 324 553 ὄρος
338 476 396 555 γὰρ
407 471 520 540 Ἀτλας
535 474 649 553 Λιβύης
663 469 697 537 έν
712 469 869 556 έσχάτοις,
897 521 901 530 ·
1018 480 1029 533 '.

187 582 191 589 '
256 575 290 636 ού
305 574 358 653 τὴν
373 575 506 655 κορυφὴν
521 577 555 638 te
570 578 670 655 νεφῶν
685 575 886 656 κεκρυμμένην

256 674 333 739 εἶναι
348 680 486 739 δοκοῦσιν
501 678 637 757 οὐρανοῖς
652 676 853 756 συνημμένην.
962 732 964 736 .
1006 729 1010 736 .

256 777 445 841 ἐντεῦθεν
410 802 464 840 ουν
473 774 656 856 Ἕλλησιν
641 804 660 857 η
675 780 848 860 μυθουργία,

252 876 408 941 Ἀτλαντα
423 880 527 946 νύτοις
542 880 638 943 εἰσαεὶ
652 878 750 942 πόλον
765 879 881 961 φέρειν.

172 981 271 1044 SCH.
309 979 458 1043 Eustath.
480 1002 512 1066 p.
532 980 627 1063 1389,
643 999 696 1063 59.
715 977 829 1045 Ἀλλοι
855 983 887 1044 δὲ
907 981 1064 1044 Ατλαντα
1089 981 1143 1043 τὸν
1165 978 1271 1057 νοητὸν

170 1084 263 1161 diove
288 1085 401 1154 νοοῦσι,
424 1081 477 1144 τὸν
497 1084 546 1145 δια
564 1080 657 1160 μέσης
682 1085 733 1160 τῆς
758 1085 812 1163 γῆς
842 1082 1039 1162 ἐληλαμένον,
1064 1082 1113 1145 καὶ
1135 1082 1194 1145 ἀπὸ
1219 1085 1272 1143 τοῦ

170 1185 292 1264 βορείου
307 1186 349 1249 εἰς
363 1179 466 1245 τὸν’
432 1206 532 1245 νοτιον
545 1180 643 1246 πόλον
657 1182 823 1262 καθήκοντα
845 1211 870 1247 κ.
888 1210 914 1246 τ.
930 1191 960 1246 λ.
997 1182 1059 1250 Ος
1072 1209 1203 1265 συνεχης
1214 1181 1272 1261 μέν

171 1287 236 1348 ἐστι
259 1286 334 1348 κατὰ
357 1283 412 1360 τὴν
437 1281 566 1363 άλάτητα
595 1285 643 1348 καὶ
668 1286 718 1351 εἶς·
742 1285 788 1347 διὸ
815 1287 863 1349 καὶ
886 1287 1038 1368 Αἰσχύλος
1062 1287 1096 1348 έν
1120 1288 1275 1365 Προμηθεῖ

171 1388 256 1451 κίονα
275 1386 359 1450 εἶπεν
378 1389 481 1453 ἑνικῶς
502 1389 551 1452 καὶ
572 1387 608 1451 ού
629 1391 738 1454 κίονας.
763 1388 930 1452 STANL.
975 1387 1129 1451 Fabulam
1152 1385 1193 1450 de
1207 1387 1271 1449 At·

172 1488 255 1551 laute
282 1486 437 1575 copiosius
467 1487 613 1552 tractavit
643 1488 920 1553 Raoul-Rochette
947 1488 980 1551 in
1014 1487 1273 1553 commentatione

173 1589 298 1653 Parisiis
312 1588 396 1652 edita
407 1611 434 1652 a.
450 1589 545 1673 1835.
557 1590 712 1654 Μάιαοὶιυ
725 1612 784 1655 sur
797 1591 842 1655 les
856 1591 1273 1677 reprbsentotionafigartes

168 1693 216 1758 ,du
225 1712 431 1778 persmrncgc
444 1692 577 1757 Melus.

213 1793 409 1875 ύτοστεγάζει
430 1816 469 1857 ex
492 1794 672 1879 conjectura
693 1791 813 1859 editum
835 1793 1010 1857 Hermanni
1028 1797 1145 1879 Opusc.
1163 1796 1225 1858 vol.
1237 1814 1272 1872 51.

172 1917 206 1980 p.
224 1913 295 1973 114.
310 1895 363 1958 sed
384 1918 422 1959 ea
437 1917 499 1959 non
515 1917 599 1958 vera.
644 1896 726 1960 Nam
752 1916 808 1957 nec
829 1894 944 1981 legitur
967 1919 1099 1982 usquam
1121 1896 1181 1961 ltoc
1204 1919 1271 1960 ver-

173 1995 248 2059 bum
272 2019 338 2073 nec,
361 1996 385 2059 si
410 1995 576 2082 legeretur,
596 2017 664 2060 eam
689 2018 784 2083 quam
809 1994 860 2059 hic
886 1997 973 2061 locus
994 1997 1132 2083 postulat
1152 1997 1273 2061 ferendi

173 2096 237 2160 sive
259 2097 441 2175 sustinendi,
454 2098 521 2164 ¹sed
544 2097 669 2189 tegendi
695 2097 903 2184 operiendive.
918 2099 1172 2184 significationem
1193 2115 1273 2163 esset

173 2198 365 2263 habiturum.
410 2198 500 2263 Libri
530 2222 638 2263 omnes
666 2200 870 2276 ὑποστενάζει,
896 2201 982 2286 quod
1009 2202 1138 2264 verbum
1170 2201 1272 2287 ipsum

175 2324 300 2388 quoque
322 2300 449 2365 aliunde
467 2324 530 2364 non
545 2316 591 2365 est
606 2300 778 2388 cognitum,
801 2302 955 2388 praebent,
976 2302 1033 2365 nisi
1052 2302 1138 2388 quod
1159 2303 1189 2365 in
1209 2303 1273 2365 edi-

174 2403 257 2466 tione
271 2402 458 2478 Robortelli,
474 2426 512 2466 ex
528 2426 627 2489 eaque
641 2403 673 2467 in
691 2403 913 2489 Stephaniana,
930 2405 1132 2484 ύποβαστάζει
1147 2403 1272 2491 legitur,

174 2504 352 2568 nullodum
369 2505 399 2566 in
415 2504 521 2568 codice
536 2505 717 2574 inventum:
741 2503 829 2590 quod
843 2505 1042 2568 manifestum
1057 2520 1104 2568 ost
1121 2506 1274 2590 glossema

175 2607 361 2694 interpretis.
384 2608 578 2683 ὑποστενάζει
593 2605 674 2693 legit,
682 2606 775 2669 etiam
791 2606 955 2671 scholiasta
970 2607 1132 2683 recentior,
1144 2606 1199 2692 qui
1209 2605 1272 2685 μετ’
1381 2693 1389 2700 ἱ

175 2710 280 2776 ὠδῖνος
292 2708 505 2789 (scribendum
517 2711 622 2787 ὀδύνης
636 2732 674 2771 ex
689 2709 759 2772 cod.
774 2709 878 2796 Lips.)
891 2708 1035 2792 ὑπανέχει
1050 2708 1274 2794 interpretatus

174 2812 253 2876 bene
275 2810 401 2898 quidem
426 2810 520 2874 sensit
543 2810 622 2897 quid
647 2809 707 2874 dici
734 2811 889 2886 debuerit,
912 2812 964 2874 sed
988 2811 1145 2875 notionem
1168 2811 1275 2875 intulit

168 2935 248 2998 quae
269 2934 329 2978 nou
352 2912 433 2976 inest
447 2912 544 2976 verbo
558 2912 778 2989 ύποστενάζειν.
825 2916 905 2977 Eam
921 2936 981 2999 ego
995 2912 1037 2976 sic
1058 2935 1125 2976 esse
1146 2912 1272 2976 restitu-

172 3013 286 3085 endam
302 3014 436 3079 arbitror
452 3028 487 3078 ut
502 3015 604 3079 νάτοις
618 3014 700 3095 άχῶν
715 3015 849 3090 στενάζει
863 3014 1026 3079 scribatur.

216 3135 291 3200 432.
314 3116 494 3200 ξυμπίτνων]
520 3114 610 3178 Libri
634 3121 808 3195 ξνμπιτνῶν,
832 3116 890 3179 nisi
914 3116 999 3202 quod
1020 3115 1051 3178 in
1077 3115 1177 3178 tribus
1202 3120 1272 3194 ξυμ-

175 3220 289 3283 πίπτιιν
307 3233 364 3298 est,
379 3219 528 3282 usitatum
551 3216 634 3281 illius
655 3217 743 3282 verbi
764 3220 925 3305 glossema.
973 3217 1023 3280 Sic
1044 3216 1129 3302 apud
1155 3216 1275 3301 Sopho-

174 3320 252 3385 clem
270 3322 362 3406 Ajac.
377 3321 431 3405 58.
454 3322 607 3399 ἐμπίπτων
626 3318 657 3383 in
676 3318 867 3404 quibusdam
890 3318 1038 3403 scriptum
1060 3340 1118 3402 pro
1135 3316 1274 3401 eoquod

176 3437 309 3486 metrum
326 3420 463 3508 postulat
476 3421 633 3500 ἐμπίτνων.
671 3421 849 3483 Accentum
864 3418 998 3482 correxit
1015 3417 1220 3481 Blomlieldus
1233 3440 1272 3481 ex

173 3524 391 3593 observatione
413 3520 564 3598 Elmsleii,
580 3544 674 3607 quem
699 3545 728 3586 v.
752 3523 793 3586 ad
816 3521 932 3608 Eurip.
956 3523 1084 3586 Heracl.
1106 3540 1156 3603 77.
1180 3520 1274 3585 etad

177 3627 325 3692 Medeam
340 3645 393 3711 53.
410 3648 439 3713 p
458 3626 510 3688 86.

217 3729 326 3814 βυθός]
341 3729 438 3807 βαθύς
454 3727 502 3790 Μ.
522 3726 603 3798 Rob.

217 3850 294 3915 433.
305 3828 461 3913 ἈἳδοςδἼ
481 3827 703 3914 Legebaturo'
716 3827 820 3895 Αιδος
834 3843 943 3893 vitiato
956 3786 1066 3892 metro.

218 3951 293 4018 434.
314 3932 425 4015 παγαί]
449 3933 543 4013 πηγαὶ
563 3930 684 3995 codices
704 3929 836 4016 aliquot,
860 3931 941 3994 inter
963 3952 1043 4014 quos
1067 3929 1117 4003 M,
1141 3940 1171 3988 et
1195 3926 1271 3990 Ald.

176 4035 261 4099 Rob.
463 4093 465 4100 ,
597 4094 600 4102 .

220 4133 261 4220 δ’]
277 4134 303 4200 ά
321 4138 371 4200 Μ.

174 4238 391 4318 ἁγνορύτων
406 4237 573 4302 Heathius.
612 4235 702 4300 Libri
718 4194 913 4318 ἁγνορρύταν.

219 4356 301 4423 435
309 4339 442 4424 οἰκτρόν]
458 4341 562 4419 πικράν
576 4339 696 4425 aliquot
710 4339 841 4414 codices,
856 4334 1029 4420 adscripto
1022 4357 1054 4398 m
1069 4357 1134 4398 uno
1149 4333 1274 4413 οἰκτρόν.

219 4442 355 4525 43ά.>τοι
366 4441 418 4505 M.
433 4440 549 4526 aliique
562 4463 625 4507 non
641 4440 733 4528 pauci
745 4456 776 4505 et
789 4440 871 4506 Rob.
895 4464 923 4502 τι
938 4440 975 4502 Β.
992 4453 1023 4502 ει
1037 4436 1114 4501 Ald.
1127 4436 1230 4498 Turn.

721 4565 733 4605 1
