2978 5062
307 339 376 403 AD
400 339 591 404 SEPTEM
615 341 864 405 ADVERSUS
889 338 1092 403 THEBAS.
1189 340 1251 402 145

152 512 214 573 τοῖς
227 509 381 587 πολεμίοις
396 510 445 573 ἐπὶ
459 514 510 588 τῆς
525 511 613 589 ἀϋτῆς
626 515 685 575 τόν
699 513 817 574 στόνων
830 516 930 591 γενοῦ,
946 511 1010 573 οἶον
1026 509 1075 572 ἐπί
1091 513 1143 571 τοῦ
1163 507 1253 571 πολέ-

151 630 218 685 μου·
239 607 320 672 alius
340 609 372 671 in
395 609 463 675 cod.
480 611 623 676 Parisino
640 612 728 698 apud
749 611 945 675 Brunckium
970 613 1058 675 ἕνεκα
1080 615 1131 688 τῆς
1153 613 1254 691 φωνῆς

152 713 211 772 τῶν
231 717 406 791 στεναγμῶν
427 713 518 792 ἡμῶν.
566 713 738 777 Scholiasta
759 713 918 790 recentior,
942 719 1000 776 τῶν
1021 710 1170 792 ἡμετέρων
1188 736 1255 774 στε-

153 810 312 890 ναγμάτων
325 814 478 894 ἀκροατής.
524 815 730 879 Manifestum
754 831 801 879 est
818 814 1045 879 nominativum
1068 812 1255 877 substantivi

152 910 285 999 alicujus
298 914 467 980 desiderari
482 917 569 1002 quod
590 917 694 981 cretici
716 917 764 981 vel
787 916 910 980 molossi
933 938 1108 979 mensuram
1132 915 1253 980 habuit.

155 1015 300 1079 Fortasse
324 1018 440 1081 στόνων
464 1020 643 1085 καππαότας.
665 1019 752 1104 quod
780 1042 838 1105 pro
864 1020 1048 1097 καταπαύτης
1071 1017 1112 1081 ab
1137 1016 1256 1103 tragico

154 1115 213 1180 dici
229 1118 334 1203 potuit
349 1131 385 1182 ut
401 1123 604 1201 καπφθίμενος
618 1144 677 1207 pro
692 1123 918 1202 καταφθίμενος.
945 1121 1062 1183 Versus
1071 1121 1103 1183 in
1114 1119 1165 1182 ed.
1179 1117 1254 1181 Ald.

155 1216 197 1281 sic
230 1218 321 1283 divisi
348 1220 540 1307 στρατῷ-ιδ
560 1222 565 1309 Ι
584 1223 819 1304 Λητογένεια-
838 1221 1035 1309 ΙἈρτεμι-
1054 1220 1059 1307 Ι
1079 1219 1236 1305 ἀμφὶ-Ι

155 1319 317 1385 ἐλακον-.

201 1424 272 1503 148.
286 1426 326 1488 σό
340 1422 364 1486 τ’
380 1446 441 1488 om.
459 1424 535 1489 Ald.
553 1426 655 1489 Turn.

197 1525 382 1607 Λατογένεια
398 1527 448 1591 Μ.
465 1528 566 1592 Taur.
582 1527 699 1613 aliique
715 1526 867 1591 nonnulli.
906 1525 1090 1609 Λητογένεια
1106 1525 1213 1612 vulgo.

197 1626 337 1712 πυκάζου]
353 1629 525 1707 πυκάζομαι,
540 1629 648 1693 induo.
672 1630 799 1707 Πυκάζω
814 1629 1000 1716 plerumque
1011 1628 1164 1715 significat
1176 1638 1256 1715 tego.

157 1728 318 1793 Scholiast.
333 1733 377 1793 A.
393 1732 437 1794 Εὖ
451 1731 590 1805 πυκάζου.
612 1731 677 1810 ἤτοι
691 1731 837 1814 ἐντέχνως
860 1732 908 1794 καὶ
924 1732 1125 1810 ἐπιστημόνως
1146 1731 1258 1794 ἔντεινε

155 1832 189 1895 τδ
214 1833 311 1910 τόξον.
334 1832 368 1895 τδ
393 1836 450 1914 γὰρ
475 1835 553 1898 πύκα
579 1834 645 1897 άντὶ
668 1839 721 1897 τοῦ
748 1836 950 1913 ἐπιστημόνως
977 1833 1256 1915 παραλαμβάνεται,

157 1933 297 2019 Hesych.
314 1937 410 2000 Πόκα.
428 1938 706 2015 ἐπιμελῶς-πύκα
729 1934 753 1998 δ’
769 1936 877 2018 ἔτρεφε
898 1936 951 2017 (ΙΙ.
968 1942 1004 1999 Ε.
1022 1939 1086 2018 70.)
1106 1937 1163 2009 καὶ,
1179 1937 1258 1999 πύκα

155 2042 288 2114 ποιητοῖο
306 2037 361 2118 (ll.
379 2043 414 2100 Σ.
429 2039 515 2119 607.)
534 2037 647 2124 Eurip.
666 2036 793 2101 Heracl.
811 2054 884 2122 725.
902 2040 1012 2122 Κόσμιρ
1031 2036 1157 2113 πυκάζου
1172 2041 1256 2121 τῷδε·

157 2137 230 2202 Αίο.
249 2155 321 2222 799.
337 2139 504 2220 Στεφάνοις
518 2142 688 2206 πυκασθείς.
715 2140 828 2225 Epigr.
845 2139 876 2202 in
894 2140 1026 2203 Anthol.
1044 2156 1075 2222 7.
1092 2163 1123 2226 p.
1141 2141 1209 2222 169.
1227 2155 1259 2203 et

158 2240 244 2304 Suid.
261 2264 290 2302 v.
307 2240 444 2318 Πυκάζει.
469 2241 670 2321 Λουσάμενοι,
687 2244 831 2322 Προδίκη,
848 2244 1057 2321 πυκασόμεθα.
1102 2244 1206 2319 Quare
1225 2241 1258 2304 in

157 2343 299 2408 hocloco
314 2366 376 2407 non
391 2367 463 2408 cum
479 2343 654 2430 interprett.
672 2344 868 2422 vertendum,
885 2347 1004 2408 Arcum
1022 2348 1175 2422 instruas,
1192 2343 1258 2422 sed,

157 2444 187 2509 vi
208 2444 319 2508 mediae
340 2445 424 2509 vocis
446 2460 578 2523 servata,
595 2455 623 2509 te
642 2467 721 2510 arcu
742 2449 899 2510 instruar.
938 2446 1139 2510 Constructio
1153 2444 1260 2509 similis

157 2562 204 2611 est
219 2547 408 2624 Homericae,
423 2548 574 2626 άναιδείην
597 2546 754 2627 ἐπιειμένε.
778 2549 954 2612 BLOMF.
992 2549 1081 2626 τόξον
1103 2550 1259 2624 ἐντυκάζου

159 2651 207 2714 Μ.
223 2666 256 2714 et
270 2650 354 2714 varia
370 2649 460 2714 lectio
475 2649 505 2712 in
519 2650 565 2713 B:
590 2650 674 2713 unde
690 2652 853 2730 ἐμπυκάζου
868 2651 1020 2736 conjicere
1034 2649 1113 2713 licet.

204 2768 275 2837 150.
300 2752 484 2837 lllffll
507 2752 702 2830 Schuetzius‚
723 2770 823 2818 reete:
849 2775 920 2816 nam
940 2752 1105 2817 dochmius
1124 2766 1170 2816 est
1187 2749 1260 2832 Ἀρ-

159 2881 224 2935 τεμι
238 2858 328 2938 φίλα,
344 2855 360 2919 ἐ
374 2857 400 2920 ἐ.

205 2977 275 3043 151.
293 2961 404 3038 ότοβον
420 2957 610 3022 Brunckius.
636 2960 765 3037 όπτοβον
778 2956 861 3020 libri.
886 2959 924 3020 In
940 2957 1002 3020 fine
1017 2979 1125 3019 versus
1138 2977 1260 3019 comma

160 3075 305 3147 ponatur.

205 3178 277 3247 152.
301 3161 394 3227 πότνι’
412 3163 577 3227 Burneius.
612 3164 719 3227 πότνια
738 3162 803 3226 sine
818 3161 942 3225 elisione
964 3162 1044 3225 libri.
1083 3163 1199 3226 Versus
1213 3175 1260 3225 est

159 3262 332 3350 dactylicus
346 3278 382 3328 ut
397 3286 427 3326 v.
443 3282 513 3348 159.

206 3384 275 3450 154
295 3365 420 3447 Ἀρτεμι
442 3368 529 3447 φίλα,
546 3365 562 3429 ἐ
577 3365 592 3430 ἐ
608 3366 624 3430 ἐ
639 3367 655 3430 ἐ
675 3365 703 3448 (ἐ
725 3380 772 3429 ter
795 3366 903 3448 Mosq.
920 3363 1102 3446 secundusl]
1119 3362 1223 3426 Verba
1242 3386 1260 3426 e

160 3467 228 3533 loco
242 3467 401 3555 superiore
418 3471 519 3552 (150.)
537 3484 653 3531 temere
675 3466 806 3554 repetita
822 3480 905 3529 recte
927 3464 1010 3527 delet
1025 3463 1169 3527 Bothius.
1216 3464 1261 3527 Iis

160 3571 265 3656 ejectis
285 3571 349 3633 huc
371 3569 587 3634 transferenda
601 3584 680 3655 puto
699 3568 835 3632 verbau
856 3567 949 3631 πότνι’
974 3565 1069 3648 Ἥρα,
1092 3589 1166 3651 quae
1187 3581 1261 3630 ante

160 3669 244 3734 hunc
259 3693 382 3734 versum
398 3670 556 3756 leguntur.

207 3786 278 3856 155.
293 3772 507 3856 δοριτίνακτος]
528 3771 731 3836 Scribendum
747 3776 945 3852 δοριτίνακτος
959 3793 996 3835 ex
1014 3772 1064 3833 M.
1103 3771 1194 3855 Saepe
1215 3767 1258 3832 sic

161 3889 322 3958 peccatum
345 3873 386 3936 ab
406 3871 539 3937 librariis
557 3888 603 3936 est
625 3873 808 3954 δορυάλωτος
830 3887 861 3934 et
882 3871 943 3936 alia
968 3870 1149 3956 hujusmodi
1169 3893 1259 3957 perv

161 3972 378 4052 scribentibus,
393 3973 433 4037 de
448 3974 564 4061 quibus
579 3974 641 4038 dixi
658 3975 689 4038 in
707 3974 873 4037 Thesauro
890 3971 1050 4059 Stephani.

204 4076 290 4155 αίθῆρ
305 4077 344 4138 Β.
368 4074 392 4139 δ’
409 4076 495 4155 αἰθὴρ
510 4075 614 4161 vulgo.

208 4178 279 4261 156.
297 4179 370 4258 όμμι
385 4179 476 4241 B.M.
499 4178 590 4257 άμμιν
605 4177 712 4263 vulgo.

209 4296 279 4364 157.
302 4278 391 4343 παῖδ’
412 4278 467 4363 ἐτι]
489 4277 577 4341 Libri
600 4278 720 4364 aliquot
740 4282 781 4356 πῆ
800 4275 824 4341 δ’
841 4277 895 4353 ἐτι,
910 4283 965 4341 ποῖ
977 4277 1010 4340 δέ
1024 4301 1079 4339 τοι.
1118 4277 1158 4338 Ι11
1175 4276 1258 4341 Rob.

161 4386 215 4444 ποῖ
227 4406 263 4444 τι.
302 4383 418 4445 Versus
439 4380 500 4456 hic,
516 4379 541 4443 si
564 4396 645 4444 recte
660 4379 756 4444 habet
769 4379 923 4465 scriptura
934 4378 1073 4465 vulgata,
1088 4401 1127 4442 ex
1151 4401 1262 4464 paeone

162 4498 193 4546 et
215 4482 360 4547 dochmio
381 4498 427 4547 est
449 4482 649 4569 compositus,
670 4479 936 4566 interjectionibus
956 4480 1064 4547 ἐέἐέ
1085 4494 1175 4544 extra
1194 4501 1261 4542 mc·

702 4605 722 4646 τ
