2978 5062
261 335 325 404 16ss
620 339 998 405 ANNO'I'ATIONES

302 524 378 592 372.
394 505 492 591 τόκος]
510 507 594 575 τέκος
607 507 700 573 codd.
713 507 834 595 aliquot
847 524 880 573 et
894 508 977 573 Rob.

302 624 378 692 373.
403 609 445 675 ele
460 609 630 674 Poreouua
655 609 698 676 eie
712 609 788 675 Ald.
805 610 889 675 Rob.
914 609 970 675 elc’
985 608 1057 674 libri
1071 606 1194 696 reliqui.
1217 617 1241 650 “
1254 611 1361 690 Verte,

261 711 348 784 thin
369 710 420 773 hic
435 711 548 797 OEdtpt
558 711 657 796 filius
672 722 909 799 peropportune
922 712 1047 799 quidem
1063 711 1152 774 odeat
1168 712 1212 775 ad
1224 714 1360 777 audien·

258 811 334 874 dcm
349 813 460 876 nuncii
475 834 658 877 sermonem.
704 815 743 877 ln
762 837 793 876 v.
809 828 885 898 372.
901 811 1040 877 subaudi
1056 812 1130 892 ἥκει.
1176 811 1294 878 Similis
1313 831 1361 881 eet

259 911 374 999 ellipsis
388 912 420 976 in
437 913 583 1001 Sophocl.
600 914 712 1001 Antig.
727 916 802 979 626.
812 912 889 979 'ote
902 914 962 996 μὴν
976 916 1089 996 Αἷμον,
1101 915 1216 998 παίδων
1227 921 1287 978 τᾶν
1297 921 1361 980 rur

259 1015 380 1079 Νέστον
393 1015 543 1096 γέννημ’.”
568 1016 745 1079 BLOMF.

303 1132 377 1201 374.
392 1117 507 1196 σπονδὴ
521 1118 553 1180 δὲ
569 1117 617 1181 καὶ
631 1119 712 1181 τοῦδ’
727 1116 781 1180 οὒκ
801 1117 951 1199 ἀπαρτίζει
971 1112 1077 1200 πόδα]
1101 1114 1250 1180 Ροιιπίιιο
1266 1117 1361 1183 verbu

259 1216 311 1280 alx
327 1217 478 1297 ἀπαρτίζει
489 1215 567 1282 πόδα
581 1216 623 1281 sic
640 1217 883 1304 interpretatur:
893 1217 998 1302 facit,
1013 1224 1050 1280 ul
1065 1235 1126 1303 per
1146 1217 1211 1280 eibi
1231 1238 1296 1281 non
1316 1222 1361 1284 ait

260 1317 407 1404 aqualia:
429 1317 549 1404 quirin
564 1317 760 1382 festinatione
781 1339 906 1404 gressus
927 1339 1018 1405 pares
1035 1339 1097 1381 uon
1114 1317 1183 1382 sint.
1228 1319 1277 1384 At
1292 1318 1360 1384 haec

259 1415 473 1503 interpretatio
488 1441 549 1483 non
567 1441 629 1482 uno
643 1418 839 1483 incommodo
853 1419 1017 1504 premitur.
1062 1417 1238 1484 Stanleiana
1253 1433 1359 1485 autem

259 1519 376 1583 versio:
402 1522 580 1585 Fertinatio
594 1542 668 1585 vero
682 1521 751 1606 ορίιο
764 1542 828 1583 non
840 1529 984 1585 πιοναιιιπ
996 1524 1154 1608 gradum,
1167 1521 1328 1607 quomodo
1341 1544 1361 1586 e

260 1619 382 1684 Graecis
395 1619 473 1685 ellici
487 1621 594 1708 possit,
610 1643 672 1685 uon
687 1621 836 1708 intelligo.
872 1620 1031 1686 Sallierius
1046 1621 1102 1704 (ad
1117 1620 1237 1685 Moerin
1255 1643 1288 1709 p.
1304 1623 1357 1688 82.

259 1720 309 1786 ed.
330 1721 487 1805 Piereon.)
510 1721 620 1787 vertit:
643 1723 708 1787 Sed
731 1722 819 1786 illiue
826 1722 1002 1807 fiatlnulio
1027 1742 1091 1785 non
1113 1722 1193 1786 sinit
1211 1723 1359 1809 gradum

259 1824 438 1897 ubedam,-
461 1846 534 1911 quoe
549 1823 675 1909 quidem
692 1822 800 1900 versio,
816 1844 916 1909 quum
939 1844 1046 1908 perse
1067 1844 1179 1909 parum
1195 1823 1359 1888 commoda

259 1941 317 2001 est,
332 1939 399 1989 tum
415 1925 568 2012 particula
590 1925 647 2004 καὶ,
663 1946 758 2011 quem
779 1922 916 2009 neglexit
932 1921 1102 2001 Sallierius‚
1122 1924 1215 2008 plane
1229 1924 1358 1988 convin-

258 2025 349 2091 citur.
394 2028 476 2091 Haec
497 2025 578 2090 enim
601 2025 754 2113 significat
776 2024 858 2089 idem
883 2024 913 2088 h.
929 2024 949 2088 Ι.
971 2024 1012 2088 de
1031 2024 1161 2089 Eteocle
1182 2024 1255 2104 dici,
1270 2027 1357 2111 quod

258 2126 337 2192 alter
353 2127 550 2194 Semichorus
563 2127 603 2191 de
625 2127 736 2191 nuntio
750 2126 982 2214 praedicaverat.
1027 2127 1152 2212 Nempe
1172 2124 1251 2191 nibil
1270 2125 1357 2191 aliud

259 2250 367 2294 censue
381 2228 529 2316 postulat,
544 2251 639 2315 quam
655 2229 816 2294 Eteoclem
831 2227 935 2315 ipsum
950 2251 1079 2314 quoque
1092 2227 1252 2294 festinare.
1293 2227 1359 2293 Ita·

258 2353 322 2417 que
341 2330 418 2395 nihil
438 2329 549 2395 melius
568 2330 744 2395 Hermanni
761 2328 994 2394 emendatione:
1017 2329 1133 2408 σπουδὴ
1155 2331 1189 2394 δὲ
1210 2330 1260 2394 καὶ
1279 2320 1357 2394 τοῦδ’

259 2434 294 2497 οὗ
309 2435 473 2515 καταργίζει
486 2435 573 2506 πόδα,
589 2453 645 2496 nec
664 2432 760 2516 htp'ua
776 2432 901 2518 quidem
918 2431 1029 2518 pedem
1037 2433 1266 2517 fielinult'onit
1286 2440 1357 2496 tlu-

257 2535 347 2600 dinm
369 2538 497 2600 tardum
517 2556 583 2599 aare
601 2536 690 2599 sinit.
734 2536 845 2620 Atque
869 2532 1009 2597 adhunc
1032 2532 1194 2599 lectionem
1216 2535 1359 2620 proxime

258 2635 377 2700 accedit
393 2635 515 2714 Guelf„
534 2635 565 2699 in
581 2659 646 2721 quo
660 2634 792 2721 legitur:
817 2634 931 2713 σπονδὴ
945 2636 978 2699 δὲ
993 2634 1042 2698 καὶ
1055 2631 1133 2698 τοῦδ’
1149 2634 1184 2698 οὗ
1195 2636 1358 2716 καταρτίζει

258 2740 354 2809 πόδα;
378 2735 508 2822 vulgata
520 2735 553 2799 in
573 2735 713 2822 margine
726 2746 976 2800 commemorata.
1000 2735 1100 2799 scH.
1137 2735 1173 2799 οὒ
1195 2737 1358 2817 καταρτίζει

259 2835 351 2900 etium
375 2838 476 2901 Taur.
496 2859 567 2900 cum
589 2835 631 2923 gl.
653 2839 768 2903 εὐθετεῖ
785 2852 817 2902 et
835 2858 901 2901 var.
919 2836 989 2901 leot.
1012 2836 1066 2902 οὔκ
1085 2837 1246 2920 tranunt,
1265 2837 1359 2920 ἤγουν

259 2937 361 3017 ἄρτιον
375 2943 461 3001 ποιεῖ.

301 3040 378 3122 376.
394 3037 448 3123 ὥς]
465 3043 526 3105 πῶς
540 3037 625 3101 Rob.

302 3137 416 3224 πάλον]
434 3138 533 3206 Pauci
547 3138 668 3204 codices
682 3137 781 3205 πάλον
795 3139 844 3204 vel
858 3140 946 3226 πόλῳ
961 3138 1022 3218 vel,
1036 3137 1124 3226 quod
1138 3137 1172 3202 in
1185 3137 1264 3206 Ald.
1279 3163 1358 3228 quo-

258 3263 321 3328 que
335 3256 390 3315 est,
407 3245 526 3322 κλῆρον.

299 3358 375 3428 377.
392 3343 572 3431 Euripiden,
587 3343 643 3431 qui
657 3341 846 3410 occasionem
863 3341 1008 3429 AEschyli
1022 3340 1250 3429 perstringendi
1264 3340 1355 3406 avide

255 3445 434 3532 arripiebat,
457 3445 585 3532 oblique
607 3469 680 3511 eum
706 3444 809 3531 tetigit
828 3443 861 3507 in
887 3443 1002 3507 Phoen.
1028 3457 1101 3527 755.
1130 3442 1221 3527 (760.
1247 3444 1354 3526 Pure.)

252 3545 363 3612 Ἔσται
381 3545 456 3611 τόδ’.
479 3548 665 3629 ἑπτάπυργον
689 3549 731 3614 εἰς
754 3547 845 3611 πόλιν
866 3546 979 3626 μολὸν,
999 3544 1086 3624 Τάξο
1109 3545 1262 3628 λοχαγοὺς
1282 3545 1355 3627 πρὸς

256 3650 411 3722 πύλαισιν,
428 3649 467 3715 ὣς
485 3648 596 3730 λέγεις,
607 3647 709 3715 'luove
730 3651 844 3713 iooww
857 3648 1047 3727 πολεμίοισιν
1061 3648 1201 3714 ἀντιθείς.
1234 3644 1355 3726 Ὀνομα

256 3748 281 3813 δ’
305 3750 430 3814 ἑκάστου
451 3749 586 3830 διατριβὴ
612 3749 713 3827 πολλὴ
736 3746 850 3830 λέγειν,
872 3748 1010 3831 Ἐχθρόν
1030 3747 1081 3812 ὑπ’
1101 3747 1201 3814 αὐτοῖς
1222 3749 1355 3831 τείχεσιν

256 3851 438 3932 καθημένων.
462 3849 517 3914 ubi
533 3848 597 3913 vid.
613 3848 708 3913 schol.
724 3864 756 3914 et
771 3847 975 3913 Valckenaerii
991 3864 1106 3913 uotam.
1141 3850 1269 3935 Septem
1290 3847 1353 3912 du·

256 3975 327 4016 cum
344 3952 469 4016 nomina
490 3950 626 4015 breviter
647 3965 784 4014 recenset
807 3950 976 4035 Sophoclea
993 3949 1075 4014 OEd.
1091 3948 1160 4014 Col.
1178 3966 1252 4033 711.
1267 3971 1354 4037 eeqq.

254 4053 357 4119 fusius
371 4053 541 4140 Euripides
557 4051 710 4117 Phoeniar.
729 4071 798 4118 120.
809 4075 895 4139 eeqq.
932 4055 1055 4117 Eorum
1078 4065 1197 4118 statuas
1218 4049 1354 4137 Delphis

255 4153 335 4217 inter
349 4155 542 4241 Argivorum
565 4153 739 4234 ἀναθήματα
753 4153 899 4218 describit
915 4153 1087 4219 Pausanias
1104 4172 1154 4231 10,
1173 4172 1222 4218 10.
1237 4152 1293 4241 qui
1308 4165 1353 4216 ta·

254 4276 338 4335 meu,
354 4255 574 4342 Parthenopaei
589 4257 713 4320 nomine
727 4256 849 4332 omisso,
865 4255 1045 4319 Alithereen
1068 4255 1150 4319 iuter
1171 4254 1265 4320 dueee
1287 4275 1353 4317 me-

255 4370 373 4435 morat3
397 4357 492 4422 tradit
512 4373 617 4421 autem
636 4356 865 4442 Amphiaraum
888 4355 1028 4444 aurigam
1052 4355 1208 4434 habuisse,
1224 4354 1276 4419 cui
1298 4378 1353 4419 no-

255 4480 324 4522 men
352 4458 443 4521 Bato.
489 4457 753 4545 Parthenopaeum
777 4457 912 4523 ducibus
935 4458 1157 4525 adnumeraret
1176 4454 1352 4523 Thebaidis
