2978 5062
233 341 298 405 110
592 338 973 404 ANNOTATIONES

278 508 351 592 863.
375 509 410 571 ἐν
427 505 589 590 σφαγαῖσι]
606 504 646 568 ld
661 521 717 584 est,
733 508 768 569 ia
778 508 912 593 jugulo.
957 506 1045 571 Male
1069 507 1225 572 Stanleius
1240 510 1333 574 vertit

234 609 316 674 σιούσ
337 610 476 696 tingant.
491 606 605 694 Eurip.
620 608 724 671 Orest.
742 609 813 693 285.
836 608 890 687 Μι]
912 612 962 687 τῆς
983 612 1125 688 τεκούσης
1147 613 1189 676 εἰς
1211 614 1334 691 σφαγὰς

235 708 312 777 ἕσσαι
325 711 421 792 ξίφος.
443 711 615 796 Polyaenus
630 711 660 788 8,
675 710 729 790 48.
750 710 785 774 τὸ
806 711 893 792 ξίφος
914 715 1040 775 καθεῖσα
1060 715 1109 775 διδ
1129 716 1181 790 τῆς
1202 717 1332 793 σφαγῆς.

237 812 326 899 Virg.
342 813 420 876 AEn.
435 831 485 889 12,
500 808 575 896 357.
596 811 720 876 ἀναίτια
741 832 918 876 moerorum
939 821 1110 900 retorquet,
1130 821 1160 876 et
1180 814 1242 877 alte
1257 815 1336 877 Ful·

232 925 360 1005 gentem
386 916 510 1003 tinguit
522 915 655 1002 jugulo.
688 915 803 979 Horat.
829 916 928 978 Serm.
958 933 986 991 2,
1009 916 1129 1000 3‚136.
1153 916 1197 977 In
1222 917 1337 979 matris

225 1017 490 1105 juguloferrum
505 1017 647 1102 tepgficit
659 1025 796 1080 σιιιθιινι.
812 1015 908 1080 ovid.
925 1017 988 1102 Ep.
1008 1035 1055 1095 14,
1066 1031 1098 1099 5.
1118 1016 1210 1090 Quod
1222 1039 1339 1081 manica

237 1121 386 1185 eatimait
396 1119 522 1206 jugulo
542 1119 703 1183 demittere
713 1119 861 1204 fissum.
885 1119 1049 1182 Hactenus
1072 1116 1284 1181 Ruhnkenius
1304 1118 1337 1181 in

238 1220 344 1307 Epist.
360 1220 440 1285 crit.
455 1240 484 1282 1.
496 1242 528 1306 p.
542 1236 595 1302 71.
609 1219 726 1306 quibus
738 1218 832 1307 adjici
847 1232 950 1306 potest
960 1218 1115 1282 Antonin.
1133 1218 1271 1283 Liberal.
1285 1237 1336 1305 25.

237 1321 410 1401 ’Μσώταξιιν
425 1323 529 1387 ἑαυτὰς
548 1324 584 1399 η]
603 1323 711 1402 κερκίδι
731 1324 813 1403 παρὰ
831 1322 886 1400 τὴν
905 1326 1017 1394 κλεῖδα,
1034 1322 1082 1385 καὶ
1098 1320 1262 1403 ἀνέρρηξαν
1281 1321 1337 1400 την

239 1421 373 1505 σφαγήν.
389 1424 518 1486 Peteon.
534 1421 616 1486 Arb.
634 1423 762 1509 Fragm.
777 1444 809 1510 p.
825 1423 899 1506 679.
919 1423 1044 1509 Jugale
1064 1431 1128 1486 atat
1147 1422 1247 1486 diuite
1254 1423 1335 1506 fir·

239 1547 322 1589 rum.
357 1521 498 1587 Galenus
522 1522 554 1584 in
578 1523 712 1609 isagoge
736 1526 789 1590 τδς
813 1525 937 1606 σφαγὰς
960 1523 1042 1587 inter
1066 1527 1119 1590 τδς
1143 1528 1337 1590 κατακλεῖδας

239 1625 337 1713 ponit.
361 1624 537 1689 BLOMF.

285 1729 359 1806 864.
374 1725 434 1811 ἐτ’]
455 1728 486 1793 ῖς
501 1726 552 1789 Μ.
567 1723 682 1811 aliique
696 1723 837 1789 nonnulli
851 1738 884 1789 et
899 1725 982 1790 Rob.

285 1830 360 1912 865.
375 1827 461 1913 μίαν]
479 1828 772 1914 Hypermnestram,
788 1827 918 1913 Lynceo
930 1841 1117 1913 parcentem.

285 1931 361 1993 866.
377 1927 538 2014 σύνευνον]
555 1927 761 1992 Scribendum
775 1925 918 2005 ξύνευνον
932 1951 1004 1992 cum
1021 1928 1191 1993 Brunclrio.

285 2028 583 2114 θπαμβλυνθήσεται]
603 2028 872 2110 δτιαμβλυθήσεται
888 2030 939 2093 Μ.
961 2041 993 2094 et
1015 2029 1080 2094 dun
1100 2029 1162 2094 alii.
1186 2033 1340 2110 ἑπαμβλν-

243 2133 367 2216 θήσεται
382 2131 466 2196 Rob.
490 2130 755 2212 ἔταμβληθύσεται
770 2155 836 2196 var.
852 2132 923 2196 leot.
939 2131 970 2195 in
987 2133 1026 2196 B.

286 2234 359 2315 867.
382 2233 501 2315 γνώμην
517 2233 566 2296 Μ.
586 2246 619 2296 et
640 2248 757 2319 septem
779 2233 840 2296 alii.
863 2235 997 2314 γυώμαιν
1012 2234 1097 2297 An.
1112 2231 1228 2318 aliique
1248 2233 1340 2318 pauci

242 2356 316 2400 cum
339 2335 423 2398 Rob.
446 2335 572 2415 γνώμων
591 2332 667 2396 Ald.
691 2341 816 2413 γνωμῶν
838 2336 941 2397 Turn.
964 2336 1084 2415 γνώμην
1105 2333 1161 2419 qui
1182 2334 1340 2418 legerunt,

242 2436 338 2501 verba
371 2432 658 2515 δταμβλυνθήσεται
684 2433 806 2514 γνώμην
833 2435 1075 2519 conjunxerunt,
1104 2434 1255 2520 pluralem
1285 2436 1340 2521 qui

242 2550 426 2625 posuerunt,
456 2557 527 2599 cum
553 2539 635 2598 δυοῖν
662 2548 913 2613 construxerunt,
938 2535 1038 2621 posita
1063 2550 1134 2623 post
1160 2537 1339 2616 ἀταμβλυν·

242 2637 366 2719 θήσεται
380 2635 641 2723 interpunctione.

287 2738 381 2823 δυοῖν]
397 2743 478 2802 δυεῖν
493 2737 561 2802 libri
577 2737 709 2823 aliquot.

287 2839 425 2924 θάτερον]
441 2839 569 2921 θατέραν
584 2843 671 2905 A.C.
686 2854 718 2904 et
732 2839 975 2926 superscriptum
991 2839 1022 2903 in
1039 2842 1077 2904 B.
1124 2840 1234 2904 Lectio
1248 2843 1343 2906 inter-

243 2944 350 3030 polata
363 2942 405 3005 ab
418 2941 456 3004 iis
470 2941 525 3026 qui
540 2949 666 3024 γνωμῶν
680 2948 763 3007 δυοῖν
777 2942 1018 3029 conjunxissent.

289 3045 364 3126 871.
382 3043 504 3128 θρασὺς]
521 3045 684 3109 Herculea

289 3150 363 3226 872.
382 3145 654 3230 κλεινὸς]’κλεινοῖς
671 3147 723 3210 Μ.
740 3145 823 3210 Rob.

287 3247 321 3316 δς
338 3249 440 3312 πόνων
455 3249 488 3311 ἐκ
507 3246 590 3313 τῶνδ’
608 3249 674 3331 ἐμὲ]
691 3247 778 3313 Libri
798 3246 927 3334 quidam
950 3247 983 3315 δς
1005 3250 1038 3311 ἐκ
1058 3250 1160 3311 τόνων
1181 3249 1273 3313 τῶνδέ
1293 3275 1343 3330 με,

243 3349 294 3415 vel
309 3349 343 3417 δς
358 3348 441 3413 τῶνδ’
461 3350 493 3413 ἔκ
507 3351 609 3413 πύνιον
623 3348 685 3429 ἐμέ.

288 3453 364 3535 874.
380 3451 461 3537 ἐμοὶ]
479 3451 534 3530 ἔμε]
548 3449 668 3536 aliquot
682 3450 773 3516 codd.

288 3552 398 3636 Θέμις]
423 3551 556 3615 Thernis
577 3550 659 3615 enirn
680 3550 831 3616 vaticiniis
851 3550 935 3615 clara
950 3551 1106 3638 Delphico
1127 3576 1255 3640 qnoque
1277 3576 1346 3618 ora·

243 3652 316 3719 culo
330 3651 469 3717 secunda
484 3666 556 3739 post
572 3654 706 3717 Terram
721 3651 902 3738 praesedisse
916 3653 1084 3733 ferebatur,
1100 3678 1195 3742 quam
1209 3656 1346 3735 Titanis,

244 3775 281 3817 ac
302 3750 417 3816 deinde
439 3751 558 3838 Apollo
579 3753 688 3818 ordine
709 3752 897 3841 exceperint.
920 3754 973 3818 Cf.
993 3755 1165 3821 Eumenid.
1188 3779 1219 3820 v.
1235 3778 1261 3820 1.
1277 3781 1346 3843 sqq.

244 3855 447 3939 Quamquam
476 3853 571 3918 alium
599 3855 741 3919 ordinem
770 3854 940 3942 praesidum
971 3856 1067 3943 hujus
1094 3858 1212 3922 oraculi
1241 3875 1348 3923 narrat

245 3954 419 4019 Pausanias
434 3975 485 4033 10,
500 3976 534 4040 5.
559 3958 658 4021 SCH.

289 4057 365 4142 875.
380 4058 503 4142 χρόνον]
518 4059 612 4140 λόγου
628 4058 689 4132 Μ..
704 4056 803 4122 oodex
820 4059 964 4125 Turnebi
979 4071 1011 4124 et
1028 4059 1139 4147 Steph.

289 4159 364 4240 877.
386 4161 570 4225 δλελελελεῦ
584 4158 661 4223 Ald.
683 4157 742 4234 ‘tta
759 4162 803 4235 ta,
819 4163 1003 4228 ἑλιλελελεῦ
1018 4162 1104 4226 Rob.
1126 4165 1348 4228 ῖλελελελελεῦ

245 4259 350 4323 Turn.
375 4261 494 4339 ἐλελεῦ,
509 4262 628 4339 ἐλελεῦ,
645 4260 807 4346 [Pauwius
826 4264 870 4348 et]
887 4265 1057 4342 Porsonus,
1072 4278 1168 4350 atqua
1181 4263 1226 4328 ita
1240 4263 1350 4351 legisse

242 4359 371 4426 videtur
386 4359 482 4425 schol.
498 4362 538 4426 B.
554 4361 609 4447 qui
624 4361 847 4449 interpretatur
867 4370 935 4448 φεῦ,
952 4371 1021 4448 φεῦ.
1044 4365 1186 4452 Hesycb.
1205 4365 1348 4431 Ἐλελεῦ·

243 4462 342 4541 τίθησι
368 4460 440 4525 αύτδ
462 4464 616 4547 Αἰσχύλος
641 4465 691 4532 ἐπὶ
712 4473 929 4549 σχετλιασμοῦ,
952 4470 987 4535 ἐν
1012 4472 1170 4552 Προμηθεῖ
1191 4470 1351 4557 Δεσμώτη.
