2978 5062
250 334 312 401 146
608 335 987 401 ANNOTATIONES

247 520 332 571 trum
346 505 463 592 positis.
509 504 570 570 Sed
593 505 685 592 longe
707 504 899 591 pmbabilius
913 504 1039 569 videtur
1051 502 1110 567 levi
1131 504 1224 568 unius
1244 504 1344 568 literae

246 606 420 671 mutatione
444 606 525 671 duos
548 606 709 672 dochmios
733 629 799 671 esse
826 605 1033 671 restituendos
1061 611 1115 669 ποῖ
1136 602 1161 669 δ’
1186 606 1231 669 έτι
1255 605 1346 673 τέλος

247 708 349 788 ἑπάξει
363 711 449 783 θεός;
474 708 591 775 tm.

292 812 365 895 158.
387 809 564 893 ἀκροβόλων
585 810 610 876 δ’
629 811 783 890 έπάλξεων
804 815 892 877 λιθάς
912 808 1043 894 ἔρχεται]
1062 809 1162 872 Recte
1185 807 1345 871 Heathius

245 912 398 977 intellexit
413 913 544 978 imbrem
566 912 725 1000 lapideum
747 913 788 976 ab
802 911 944 976 hostibus
965 910 996 974 in
1019 932 1141 974 summa
1163 932 1344 996 propugna-

245 1014 316 1079 cula
341 1015 478 1080 missum.
525 1018 603 1081 Post
627 1017 746 1099 ἔρχεται
767 1028 931 1092 commate,
957 1026 1029 1100 post
1049 1010 1073 1076 ὦ
1097 1011 1161 1094 φίλ’
1181 1011 1343 1076 Ἄπολλον

244 1115 313 1182 colo
327 1132 374 1182 est
388 1117 657 1204 distinguendum.

292 1235 362 1304 159.
382 1219 461 1306 φίλ’]
476 1219 593 1302 φίλτατ’
610 1220 695 1284 Rob.
719 1220 835 1283 Versus
848 1217 880 1281 in
895 1216 972 1281 Ald.
988 1217 1032 1282 sic
1047 1217 1136 1282 divisi
1152 1216 1176 1280 δ
1190 1215 1300 1298 φίλ’-
1318 1216 1324 1303 Ι

243 1321 486 1405 χαλκοδέτων·
504 1321 511 1409 Ι
529 1324 825 1404 πολεμόκραντον-
842 1319 849 1407 Ι
866 1318 1030 1401 μάκαιρ’-
1048 1319 1054 1405 Ι
1074 1318 1299 1383 ἑπτάπυλον-
1317 1319 1326 1406 Ι

245 1425 278 1488 ld
308 1424 470 1488 τέλειοι-
489 1424 495 1511 Ι
513 1427 652 1489 πόλιν-
669 1423 676 1512 Ι
695 1425 799 1489 κλύετε
822 1422 1026 1504 παρθένων-
1045 1421 1051 1508 Ι
1069 1421 1300 1507 χειροτόνονς-
1317 1423 1324 1511 Ι

243 1524 427 1605 λντήριοι-.

291 1628 363 1690 160.
390 1628 519 1707 κόναβος
541 1628 575 1691 έν
595 1629 703 1693 πάλαις
726 1626 917 1710 χαλκοδέτων
942 1623 1071 1711 σακέων]
1093 1626 1191 1689 Hunc
1216 1648 1341 1690 versum

244 1727 347 1792 versui
365 1727 436 1812 158.
452 1729 630 1810 ἀκροβόλων
644 1726 668 1791 δ’
685 1726 840 1807 ἐπάλξεων
853 1732 940 1795 λιθὰς
954 1727 1073 1810 ἔρχεται
1087 1742 1169 1791 recte
1186 1729 1342 1814 praeponit

245 1828 387 1894 Bothius.

291 1935 361 1997 161.
378 1931 585 1997 Scribendum

417 2035 1042 2104 καὶΔιάθενκκςκκκκκκ

415 2134 659 2218 πολεμόκραντον
672 2138 767 2219 άγνδν
781 2137 870 2203 τέλος
884 2139 918 2201 έν
931 2138 1052 2221 μάχαις,

243 2235 379 2301 indicata
402 2237 515 2303 lacuna
539 2252 587 2303 tot
615 2238 803 2324 syllabarum
827 2254 907 2326 quot
931 2238 969 2302 ad
1000 2238 1191 2326 explendum
1216 2263 1340 2306 versum

242 2337 411 2404 dimetrum
441 2339 656 2405 dochmiacum
684 2364 765 2429 opus
793 2356 848 2405 est.
894 2342 977 2405 Nam
1006 2340 1121 2426 aliqua,
1150 2355 1182 2405 et
1210 2343 1340 2408 fortasse

241 2440 335 2528 plura
355 2440 435 2506 adeo
453 2464 549 2528 qnam
575 2442 670 2507 modo
692 2443 882 2523 dicebamus,
904 2443 955 2508 hic
979 2443 1129 2507 excidisse
1150 2459 1182 2507 et
1203 2458 1338 2509 metrum

241 2543 347 2630 arguit
360 2555 393 2609 et
407 2545 559 2611 sententia
572 2545 696 2611 defecta
710 2546 811 2610 docet.
850 2545 954 2610 Verba
975 2546 1024 2609 καὶ
1044 2543 1156 2609 Διόθεν
1178 2559 1284 2610 utrum
1307 2546 1339 2610 in

241 2646 330 2711 initio
352 2668 459 2710 versus
481 2669 521 2710 an
542 2646 646 2711 medio
668 2647 811 2711 inversu
831 2646 981 2711 collocata
1003 2645 1121 2710 luerint
1143 2669 1205 2711 non
1226 2647 1337 2735 liquet.

244 2749 309 2812 Pro
323 2748 371 2813 his
394 2751 428 2813 έκ
448 2747 547 2814 διόθεν
561 2749 710 2835 scriptum
731 2748 831 2813 edidit
849 2747 933 2812 Rob.
972 2747 1076 2812 Verba
1096 2747 1340 2829 πολεμόκραντον

243 2847 483 2930 (πολεμόκρατον
502 2849 567 2914 duo
587 2849 694 2936 codd.)
718 2863 801 2914 recte
815 2842 971 2937 e‘xplicare
985 2849 1132 2914 videntur
1154 2850 1338 2931 scholiastae,

241 2963 396 3036 quantum
415 2950 558 3036 judicare
578 2951 649 3016 licet
669 2950 772 3016 verbis
794 2952 1043 3038 pntccedeutibus
1063 2953 1193 3030 amissis,
1216 2956 1281 3019 έπεὶ
1303 2957 1339 3020 οὐ

241 3050 347 3132 μιαρὸς
368 3055 384 3115 δ
407 3054 441 3116 έν
459 3052 580 3139 πολέμῳ
602 3051 709 3136 φόνος,
731 3055 825 3137 ἁγνὸν
845 3055 932 3123 τέλος
954 3055 1023 3136 ἔφη.
1046 3056 1111 3120 έπεὶ
1131 3058 1160 3119 ol
1177 3059 1339 3136 πολεμίους

242 3156 470 3222 ἀποκτείναντες
484 3157 610 3237 καθαροί
623 3158 681 3222 είσι
694 3162 814 3238 μᾶλλον
827 3155 846 3237 ἢ
861 3160 890 3221 ol
904 3159 1012 3239 φίλονς
1026 3155 1194 3225 ἀνελόντες.

287 3259 357 3343 163.
380 3255 468 3324 τέλος
482 3260 516 3322 έν
530 3259 646 3342 μάχαις.
671 3261 711 3324 σό
724 3285 757 3325 τε
773 3259 891 3341 μάκαιρ’
906 3261 1117 3323 Hermaunus.
1154 3260 1338 3347 Legebatut·

240 3359 338 3427 τέλος.
362 3362 396 3425 έν
409 3360 539 3444 μάχαισί
550 3387 584 3426 τε
596 3361 724 3444 μάκαιρ’.

287 3464 357 3540 164.
375 3461 489 3548 Ὀγκα]
511 3462 622 3550 Aliqui
645 3465 752 3528 avico
773 3464 907 3528 Boeotiae
930 3465 1020 3529 Onca
1040 3464 1200 3530 nominato
1220 3464 1336 3531 dictam

241 3564 361 3628 volunt.
385 3564 489 3629 Schol.
504 3565 598 3629 Pind.
608 3564 736 3654 Olymp.
748 3585 778 3642 2,
788 3568 840 3647 48.
852 3566 997 3649 Ἀγαλμα
1010 3567 1173 3634 Παλλάδος
1186 3569 1203 3631 ά
1218 3567 1338 3648 Κάδμος

242 3669 380 3748 ἱδρύσατο
403 3669 437 3731 έν
454 3665 590 3749 Ὀγκαις,
615 3670 695 3754 κάμῃ
714 3673 764 3747 τῆς
783 3671 932 3737 Βοιωτίας.
964 3669 1095 3751 Ὀγκιιία
1113 3670 1167 3733 οὖν
1185 3670 1203 3749 ἡ
1222 3668 1338 3749 Ἀθηνᾶ

240 3774 367 3848 τιμάτω.
398 3768 583 3833 scholiastes
596 3770 641 3833 A.
656 3769 697 3834 ad
719 3770 804 3834 huuc
819 3770 940 3835 locum:
964 3771 1011 3836 διδ
1026 3773 1074 3836 καὶ
1088 3773 1128 3839 ὣς
1142 3774 1176 3836 έκ
1190 3773 1338 3837 Φοινίκων

242 3871 423 3954 κατηγμένος
446 3869 565 3953 ’Όγκαν
594 3869 726 3951 Ἀθηνᾶν
753 3875 835 3954 παρά
859 3874 1007 3953 Θηβαίοις
1036 3877 1177 3954 τιμῖισθαι
1203 3874 1336 3953 έποίησε.

241 3973 358 4037 Recte:
381 3972 426 4037 ita
440 3986 567 4037 veteres.
613 3973 801 4058 Stephanus,
811 3972 914 4056 Ὄγκα
931 3976 950 4056 ἡ
967 3973 1082 4056 Ἀθηνᾶ
1096 3978 1171 4040 κατά
1185 3977 1336 4044 Φοίνικας.

241 4074 330 4140 Male
351 4075 449 4162 igitur
469 4075 553 4140 idem
570 4075 748 4140 scholiastes
761 4098 866 4141 vocem
879 4099 944 4141 esse
959 4077 1146 4164 AEgyptiam
1161 4075 1248 4158 dicit,
1261 4099 1335 4142 cum

242 4177 412 4240 Pausanias
434 4199 465 4263 9,
491 4197 542 4257 12,
563 4196 591 4242 2.
619 4201 658 4242 ex
680 4178 740 4243 hoc
760 4177 830 4265 ipso
849 4178 918 4243 deoe
942 4179 1067 4243 nomine
1092 4178 1250 4244 Cadmum
1272 4202 1335 4243 non

242 4277 446 4363 AEgyptium,
469 4279 524 4344 sed
546 4280 726 4345 Phoenicem
752 4281 848 4345 luisse
869 4280 997 4368 probet:
1021 4287 1084 4349 τοῖς
1106 4282 1275 4362 νομίζωσιν
1294 4283 1338 4349 είς

241 4382 298 4462 γῆν
321 4379 482 4459 ἀφικέσθαι
508 4381 629 4461 Κάδμον
651 4382 705 4462 τὴν
730 4381 872 4463 Θηβαίδα
897 4384 1059 4466 Αίγθιττιον
1082 4385 1130 4448 καὶ
1153 4383 1188 4448 οὗ
1210 4384 1338 4448 Φοίνικα

241 4481 314 4545 όντα
335 4480 419 4545 ἐστὶν
441 4483 578 4547 ἐναντίον
599 4485 639 4570 τφ
658 4483 742 4570 λόγῳ
763 4489 814 4564 τῆς
831 4485 960 4566 Ἀθηνᾶς
981 4487 1087 4566 ταθιης
1109 4486 1144 4551 τδ
1166 4489 1272 4566 ὄνομα,
1294 4487 1341 4549 ότι
