2978 5062
241 334 307 400 216
603 338 981 407 ANNOTATIONES

286 502 365 567 Post
390 504 464 588 890.
490 504 584 568 unius
613 525 720 568 versus
748 504 905 570 defectum
934 504 1084 570 indicavit
1109 505 1286 574 Elmsleius
1317 510 1355 575 iu

242 604 360 668 Museo
374 604 525 669 Cantahr.
541 605 616 670 fasc.
634 624 663 689 7.
677 628 710 693 p.
727 607 802 692 458.

286 705 358 789 891.
390 708 461 793 892.
494 706 571 793 οἰοῖ]
598 707 630 772 al
658 707 690 772 al
718 707 831 795 vulgo:
866 707 906 772 de
932 730 999 795 quo
1025 709 1057 774 iu
1087 723 1250 798 posterum
1282 735 1353 779 uon

240 809 386 876 monebo.

286 912 358 997 892.
381 911 567 995 άντιφόνων]
590 912 759 993 άντιφόνος,
784 913 911 976 Caedem
932 913 1014 976 coede
1034 935 1251 1001 compernem.
1276 919 1354 984 Eu-

240 1035 321 1078 men.
341 1014 414 1098 980.
438 1016 616 1097 ἀντιφόνους
637 1015 719 1081 άτας.
743 1012 889 1100 Sophocl.
913 1013 1046 1079 Philoct.
1060 1019 1152 1100 1156.
1175 1019 1352 1102 άντιφάνον

241 1116 363 1199 κορέσαι
374 1118 481 1197 στόμα.
495 1118 613 1182 Electr.
625 1115 698 1198 248.
710 1117 858 1180 δάσονσιν
869 1114 1048 1198 άντιφόνονς
1056 1119 1147 1186 δίκας.
1163 1119 1348 1187 BLOMF.

241 1220 306 1284 Per
324 1218 476 1302 ίοοφόνιον
489 1219 625 1306 explicat
644 1217 824 1283 scholiasta:
847 1217 933 1304 quod
953 1217 1143 1305 adjectivum
1166 1219 1275 1287 lexicis
1295 1223 1348 1288 in·

240 1321 416 1387 serendum.

285 1425 358 1510 893.
377 1425 397 1463 *
413 1423 564 1508 θανάτοιν]
588 1421 794 1488 scribendum
817 1424 851 1487 ἐκ
872 1423 1009 1488 θανάτων
1029 1447 1102 1489 cum
1122 1425 1348 1494 Lachmauno.

240 1525 358 1610 θανάτῳ
372 1524 450 1589 Ald.
474 1522 626 1589 θανόντοιν
641 1525 747 1587 Turn.

284 1629 358 1712 894.
372 1629 525 1691 διανταίαν
539 1625 640 1708 λέγεις
653 1624 769 1704 δόμοισι
784 1627 832 1690 καὶ
843 1627 981 1706 σάμασιν
993 1627 1225 1709 πεπλαγμένους
1234 1630 1349 1696 Elma-

239 1729 329 1794 leius.
374 1728 557 1815 Legebatur
577 1731 731 1794 διανταίαν
756 1728 803 1811 (δι’
824 1730 950 1794 άντοίαν
965 1728 1059 1813 Ald.)
1082 1731 1183 1813 λέγεις
1204 1736 1346 1816 πλαγάν.

238 1830 344 1914 Ἡμιχ.
371 1829 487 1911 δόμοισι
513 1831 561 1894 καὶ
586 1831 705 1910 σόμασι
727 1830 955 1911 πεπλαγμένους
978 1833 1222 1915 (πεπληγμένονς
1241 1835 1345 1921 Ald.)

240 1933 366 1999 ἐννέπω.
405 1935 539 1998 διανταία
564 1932 720 1996 intellecto
742 1933 844 2014 πληγὴ
868 1932 953 1997 dicta
977 1949 1014 1999 ut
1040 1936 1137 2016 καιρία
1161 1935 1224 2001 dici
1251 1938 1343 2005 solet.

239 2037 365 2101 άνταίαν
377 2035 437 2099 hoc
451 2035 546 2099 modo
559 2034 640 2099 dixit
655 2034 823 2122 Sophocles
834 2034 946 2122 Antig.
960 2038 1052 2120 1308.
1063 2038 1095 2101 τί
1106 2036 1135 2117 μ’
1147 2037 1201 2102 οὐκ
1212 2037 1346 2107 ἀνταίαν

239 2138 366 2204 ἔπαισέν
380 2165 423 2206 τις
437 2137 608 2223 ἀμφιθήκτῳ
623 2140 704 2219 ξίφει
717 2166 725 2210 ;

283 2241 355 2327 896.
386 2241 554 2328 ἀναυδάτῳ]
588 2238 692 2325 Vulgo
720 2236 850 2324 praefixa
873 2235 1052 2302 hemichorii
1081 2253 1165 2304 nota.
1212 2242 1344 2309 Delevit

240 2343 418 2408 Elmsleius.

282 2465 355 2530 901.
379 2444 479 2509 στένει
498 2446 546 2528 (δὲ
565 2442 654 2507 addit
676 2442 794 2525 Turn.)
817 2440 909 2505 πέδον
931 2440 1112 2527 φίλανδρον]
1137 2445 1220 2509 Hoec
1242 2448 1344 2514 verba

237 2547 327 2612 alteri
342 2545 531 2610 hemichotio
546 2543 657 2608 tribuit
672 2543 755 2607 Rob.

282 2668 356 2734 903.
373 2647 534 2731 ἐπιγόνοις]
548 2648 699 2710 Posteris.
744 2646 796 2709 Ita
810 2643 995 2709 dicebantur
1010 2645 1070 2709 κατ’
1087 2647 1196 2730 ἐξοχὴν
1209 2651 1343 2736 Septem

237 2751 354 2815 ducum
371 2749 437 2826 lilii,
452 2748 508 2834 qui
531 2746 638 2811 decem
662 2761 732 2834 post
753 2746 853 2821 annis,
871 2747 1075 2811 Thersandro
1096 2747 1190 2826 duce,
1206 2750 1342 2818 Thebas

237 2862 519 2937 expugnaverunt3
544 2848 584 2913 de
605 2848 722 2935 quibus
738 2846 802 2910 vid.
819 2848 935 2932 Heyne
951 2848 991 2912 ad
1008 2847 1195 2935 Apollodor.
1210 2871 1243 2937 3,
1261 2869 1294 2937 7,
1308 2872 1340 2920 2.

236 2956 326 3018 Num
339 2953 397 3016 hos
410 2950 548 3014 innuerit
562 2949 736 3038 AEschylus
750 2949 802 3012 vix
818 2949 891 3012 satis
905 2948 1016 3036 liquet.
1032 2952 1207 3016 BLOMF.
1236 2955 1342 3020 Recte

236 3052 410 3130 scholiasta,
426 3053 512 3115 τοῦτό
531 3061 625 3133 φησιν
639 3053 685 3114 ὅτι
699 3055 736 3115 τὰ
750 3050 886 3134 χρήματα
908 3053 949 3115 ὧν
967 3051 1057 3135 χάριν
1078 3057 1249 3133 φιλονεικία
1271 3057 1342 3138 ἐγέ.

237 3180 305 3221 νετο
321 3157 368 3218 καί
384 3154 512 3219 θανάτου
526 3153 615 3221 τέλος
629 3160 692 3220 τοῖς
706 3154 872 3232 αἰνομόροις
886 3154 1040 3233 ἀδελφοῖς,
1056 3159 1143 3232 μενεῖ
1157 3156 1205 3218 καὶ
1220 3158 1341 3239 ἐπικτη-

238 3256 360 3338 θήσεται
373 3262 435 3323 τοῖς
450 3257 599 3336 ἐπιγόνοις
614 3256 661 3318 καί
676 3261 738 3321 τοῖς
752 3253 933 3334 σνγγενέσιν
948 3255 1077 3318 ἐκείνων.

281 3376 355 3460 906.
370 3373 444 3454 Ἡμ.
462 3387 543 3496 ante
550 3372 746 3455 ἐμοιράσαντο
761 3392 822 3434 om.
838 3368 912 3433 Ald.
928 3371 1032 3436 Turn.

281 3526 354 3596 907.
370 3507 454 3592 ὥστ’]
474 3506 546 3572 ὥσθ’
563 3507 613 3572 Μ.

278 3624 359 3709 ἴσον]
374 3627 446 3688 locu
460 3620 537 3685 Ald.
564 3621 604 3683 Id
616 3633 799 3704 corruptum
811 3642 850 3682 ex
863 3622 925 3693 ίσα,
940 3621 1025 3707 quod
1036 3637 1083 3687 est
1097 3624 1128 3686 in
1141 3626 1178 3686 B.
1196 3626 1271 3691 etin
1288 3629 1339 3693 iu-

236 3724 456 3813 terpretatioue
470 3746 527 3786 sua
544 3719 650 3808 posuit
667 3719 841 3795 scholiasta,
858 3720 912 3804 qui
934 3720 1033 3802 addit,
1048 3723 1133 3806 λέγει
1154 3726 1187 3787 δέ
1209 3730 1263 3795 τὰς
1285 3756 1339 3794 τα.

236 3827 306 3910 φάς·
331 3827 423 3906 μόνος
438 3827 496 3905 γάρ
511 3825 527 3885 ὁ
542 3821 638 3902 τάφος
653 3821 751 3887 αὐτοῖς
763 3821 794 3898 ἐξ
809 3824 876 3884 ίσου
889 3822 1071 3903 μεμέρισται,
1086 3826 1132 3888 καί
1143 3831 1340 3908 τοῦτομόνον

236 3929 411 4010 ἐκέρδησαν.

280 4044 354 4128 908.
370 4060 443 4126 909.
461 4038 494 4102 in
509 4058 607 4101 uuum
623 4034 787 4120 conjunxit
802 4033 880 4097 Ald.

279 4160 351 4241 908.
367 4159 416 4237 ἡμ.
432 4154 597 4241 praefixum
612 4151 644 4215 in
660 4151 744 4215 Rob.

279 4293 351 4356 909.
375 4270 525 4354 άμεμφία]
548 4269 653 4332 Nulla
673 4268 884 4354 reprehensio.
912 4266 1080 4353 Sophocles
1102 4270 1224 4336 Inacho
1245 4282 1338 4365 apud

235 4371 331 4436 schol.
347 4370 509 4456 Aristoph.
526 4369 612 4433 Plut.
630 4386 704 4452 727.
718 4369 868 4448 άμεμφίας
880 4367 978 4448 χάριν.
1024 4369 1252 4455 vernantem,
1267 4382 1337 4445 Re.
