2978 5062
463 309 531 370 AD
555 307 913 372 PROMETHEUM.
1195 305 1239 378 69

183 472 301 550 461..θ’
316 473 468 539 omittunt
483 477 534 539 M.
550 491 582 539 et
594 476 747 540 Stoboeus.
907 529 913 537 .

184 574 315 661 ἐργάτιν]
339 576 544 641 Scribendum
569 577 697 660 ἐργάνην
711 600 750 641 ex
775 577 909 642 Stobaeo.
956 577 1046 641 Idem
1066 579 1097 640 in
1117 580 1167 642 M.
1183 602 1236 643 cx-

134 675 251 740 stitisse
267 677 403 755 videtur,
422 679 453 741 in
475 702 540 764 quo
555 693 721 765 postremae
743 678 841 743 literae
863 701 957 742 manu
981 679 1142 744 recentiori
1164 695 1238 746 sunt

136 779 319 849 ,exarataein
335 779 430 844 litura
444 781 557 844 veteris
571 781 742 866 scripturae.

138 940 142 945 .
180 880 298 961 μνήμην
320 880 345 946 θ’
361 882 500 946 ἁπάντων
513 880 708 963 μουσομήτορ’
732 880 875 965 ἐργάνην]
893 882 966 946 Non
992 895 1114 946 tantum
1135 885 1237 950 innuit

139 983 302 1062 λογισμοὺς
324 985 373 1047 καὶ
392 988 445 1050 τὰς
466 989 525 1047 τῶν
548 982 702 1064 ὀνομάτων
720 983 828 1060 θέσεις,
848 1006 922 1069 quae
945 986 1169 1072 Mnemosyncs
1191 988 1237 1051 in-

160 1098 232 1147 enta
253 1101 327 1148 sunt
350 1085 499 1168 (Diodor.
517 1087 579 1150 Sic.
594 1101 627 1170 5,
644 1087 722 1169 67.),
741 1085 794 1148 sed
817 1087 945 1149 omnino
965 1109 1073 1150 omnes
1097 1102 1236 1153 artesae

137 1185 312 1265 facultates,
326 1211 399 1272 quae
414 1189 479 1251 sine
493 1187 642 1251 memoria
657 1209 696 1250 ne
714 1186 860 1250 exsistere
874 1187 1013 1272 quidem,
1029 1188 1144 1252 nedum
1168 1213 1237 1276 pcr-

140 1286 189 1349 lici
205 1287 386 1372 potuissent.
432 1289 543 1368 Μνήμη
557 1288 589 1352 h.
605 1288 626 1351 l.
642 1287 780 1375 physice,
796 1309 858 1351 non
875 1288 1011 1375 mythice
1025 1291 1163 1376 ponitur,
1179 1293 1236 1356 etsi

140 1388 349 1477 Mnemosyne
363 1390 423 1454 dea
436 1404 484 1454 est
498 1391 666 1454 Musarum
682 1403 799 1462 maten
824 1388 873 1452 hic
885 1412 959 1453 vero
968 1405 1066 1454 artem
1078 1394 1236 1458 memoriae

135 1488 293 1577 intelligit,
309 1515 441 1578 eamque
456 1504 579 1556 tantum
594 1489 788 1573 μουσομήτορ’
805 1491 946 1573 ἐργάνην,
958 1513 1020 1555 non
1031 1498 1091 1556 τῶν
1103 1497 1237 1559 Μούσου

138 1592 249 1674 μητέρα
270 1592 418 1680 appellat,
438 1609 475 1658 ut
494 1594 655 1680 significet,
670 1616 703 1657 se
725 1608 847 1656 tantum
867 1593 907 1657 ad
927 1593 1011 1657 illam
1033 1594 1173 1659 fabulam
1195 1596 1236 1681 de

138 1696 348 1781 Mnemosyne
370 1697 539 1759 Musarum
562 1708 660 1758 matre
677 1693 827 1772 alludere,
850 1717 913 1758 non
936 1712 1041 1759 autem
1063 1719 1100 1760 ea
1122 1696 1175 1774 sic,
1199 1712 1236 1763 ut

139 1813 239 1882 poetae
254 1799 363 1875 solent,
379 1797 411 1860 in
426 1819 492 1860 rem
508 1818 595 1860 suam
615 1795 705 1860 abuti
719 1795 808 1860 velle.
831 1797 951 1878 ἐργάνη,
967 1797 1054 1882 quod
1074 1798 1234 1885 epitheton

140 1899 295 1962 Minervae
304 1915 361 1979 est,
369 1897 451 1962 idem
463 1897 550 1984 quod
559 1898 590 1960 in
602 1896 670 1960 aliis
681 1897 796 1983 legitur
806 1897 932 1979 ἐργάτις,
942 1901 1060 1984 opifer,
1070 1903 1233 1987 ffatim,-

139 2001 248 2081 ἐργάνη
264 2023 348 2079 vero,
364 2000 440 2086 quia
453 1999 640 2086 exquisitius
660 2013 692 2063 et
713 1997 813 2085 magis
833 1999 1030 2065 reconditum
1048 2018 1107 2081 est,
1126 2000 1235 2088 geuui-

138 2123 213 2166 num
229 2100 364 2166 videtur.
394 2103 541 2167 Ceterum
558 2101 775 2187 Pythagoreos
785 2115 883 2164 artem
899 2103 1056 2166 memoriae
1069 2103 1236 2190 diligenter

126 2202 267 2273 ‚coluisse
288 2220 398 2268 notum
418 2220 475 2268 est.
521 2201 607 2267 Citat
630 2201 729 2266 Stanl.
748 2201 918 2266 Jamblich.
946 2203 986 2266 de
1008 2203 1074 2268 vita
1096 2205 1233 2292 Pythag.

138 2330 164 2370 c.
181 2325 232 2391 29.
251 2307 305 2371 ubi
325 2307 351 2370 is
370 2306 411 2371 de
433 2307 625 2395 Pythagorae
642 2305 863 2370 sectatoribus:
889 2307 938 2370 ἐπὶ
956 2307 1052 2372 πλέον
1075 2311 1234 2390 ἐπειρῶντο

139 2412 174 2495 τῇ
194 2408 293 2495 μνήμη
314 2408 481 2491 γυμνάζειν.
505 2409 593 2473 οὖδέν
605 2412 663 2490 γὰρ
677 2413 776 2488 μεῖζον
790 2408 864 2488 πρὸς
881 2408 1055 2488 ἐπιστήμην,
1072 2411 1121 2473 καὶ
1135 2412 1235 2490 ἐμπει-

137 2512 205 2590 ρίαν
219 2512 267 2574 καὶ
282 2511 430 2592 φρόνησιν
443 2513 497 2573 τοῦ
511 2512 655 2574 δύνασθαι
669 2510 873 2589 μνημονεύειν.
898 2510 996 2573 SCH.

178 2614 255 2693 462.
269 2613 394 2695 πρῶτος]
412 2610 500 2692 πρῶτ’
516 2611 601 2675 Rob.

178 2718 254 2799 4⁶3·
269 2715 436 2799 ζεύγλαισι]
455 2717 585 2795 ζεῦγλαι,
600 2714 823 2800 lorajugalio,
839 2713 975 2800 pertinet
989 2713 1030 2777 ad
1045 2715 1149 2793 bores,
1164 2715 1234 2801 qui-

137 2815 197 2880 bus
224 2816 265 2880 ad
294 2815 447 2880 arandum
482 2814 661 2879 utebantur.
694 2816 797 2879 SCH.
834 2819 975 2898 ζεθγλησι
998 2819 1084 2882 Α.Β.
1108 2817 1235 2904 aliique,

138 2940 199 2982 non
214 2919 264 2983 M.

179 3022 367 3085 δουλεύοντα·
389 3022 528 3100 σάμασιν
549 3021 576 3083 θ’
595 3021 687 3104 ὅπως]
712 3021 751 3083 ln
773 3019 845 3083 edd.
867 3035 941 3085 vett.
964 3019 1145 3086 distinctum
1167 3028 1233 3087 δου-

136 3126 265 3188 λεύοντα
279 3125 417 3203 σάμοσίν
431 3121 469 3197 θ,
484 3125 563 3190 ὅπως
573 3160 617 3172 -
627 3122 713 3208 quod
728 3120 863 3186 correxit
879 3123 1047 3186 Porsonus.
1084 3125 1135 3187 De
1149 3140 1235 3189 utra·

137 3247 198 3310 que
213 3224 331 3289 ratione
345 3224 426 3288 dixit
441 3222 604 3289 scholiasta
618 3222 777 3287 recentior.

178 3328 255 3407 464.
277 3329 428 3409 μεγίστων
449 3324 582 3409 διάδοχοι
603 3323 817 3409 μοχθημάτων]
843 3323 991 3387 Similiter
1009 3323 1180 3410 AEschylus
1201 3326 1233 3388 in

138 3427 311 3512 fragmento
327 3427 506 3492 Promethei
522 3427 615 3492 soluti
631 3427 720 3513 [180]
736 3426 881 3510 jumenta
894 3426 1055 3490 ἀντίδουλα
1070 3427 1117 3489 καὶ
1134 3430 1235 3492 πόνων

139 3530 293 3613 ἐκδέκτορα
307 3529 454 3616 appellat.
467 3530 568 3594 SCH.
1204 3522 1210 3536 ⁸

179 3634 253 3717 465.
267 3630 396 3714 γένοινθ’
414 3629 602 3695 Brunokius.
641 3629 730 3693 Libri
746 3627 872 3710 γένενθ.

180 3733 294 3819 ἅρματ’]
310 3734 389 3814 άρμα
402 3733 426 3795 τ’
444 3735 547 3796 Turn.

178 3834 228 3917 ὑφ’
251 3834 525 3920 ἅρματα-χλιδῆς]
549 3833 652 3898 Schol.
668 3835 713 3897 Α.
726 3833 761 3896 τδ
775 3837 833 3915 γδρ
856 3837 1032 3917 ἐποχεῖσθαι
1053 3840 1114 3901 τοῖς
1136 3835 1235 3901 ίπποις

137 3939 288 4001 πλουσίων
311 3937 385 4001 ἐστί.
424 3935 608 4023 AEschylus,
630 3934 734 4012 credo,
758 3933 999 3999 Atheniensium
1022 3956 1137 3998 morem
1164 3958 1235 4021 per-

136 4038 271 4124 stringit,
286 4037 342 4124 qui
364 4037 557 4101 nobilitatem
573 4037 686 4101 domus
705 4035 845 4100 solebant
858 4036 1012 4100 aestimare
1026 4059 1065 4099 ex
1080 4059 1234 4122 equorum

138 4162 277 4218 nurnero,
291 4163 372 4226 quos
386 4138 427 4202 ad
441 4155 598 4203 certamen
614 4137 816 4225 Olympicum
831 4136 943 4202 alebat.
988 4138 1173 4203 Herodotus
1191 4139 1235 4205 ait

138 4240 315 4305 Miltiadem
331 4240 428 4304 fuisse
446 4242 540 4308 οίκίος
561 4241 827 4321 τεθριπποτρόφου.
849 4239 935 4324 quod
958 4239 1037 4304 bene
1058 4239 1236 4305 observavit

137 4342 367 4406 Giaoomellius.
389 4342 472 4406 conf.
496 4340 660 4427 Aristoph.
686 4339 772 4404 Nub.
795 4359 845 4421 74.
870 4341 1021 4429 Thucyd.
1040 4344 1139 4408 6.12.
1165 4344 1233 4405 De·
1340 4379 1345 4385 -

136 4445 248 4509 mosth.
263 4445 303 4509 de
319 4447 434 4510 Coron.
450 4445 478 4527 9.
498 4464 567 4531 199.
604 4441 735 4518 Contuli
757 4455 861 4529 potest
876 4445 1046 4532 Menagius
1067 4444 1107 4508 ad
1127 4444 1234 4508 Lacrt.
