2978 5062
254 337 296 399 δί
613 332 990 397 ANNOTATIONES

295 519 369 587 570.
386 502 501 586 δόλων]
517 503 641 584 δολερὸν
655 502 720 566 duo
735 501 826 566 codd.

295 605 476 688 572—584.
500 606 618 668 Versus
638 606 670 667 iu
693 604 765 668 edd.
782 617 857 667 vett.
881 603 924 666 sic
945 602 1035 666 divisi
1059 601 1182 664 δλλδ-
1200 601 1207 684 Ι
1226 623 1346 679 many(-

252 712 339 769 τεῖ-
357 704 363 792 Ι
382 707 576 787 παραλίαν-
594 706 600 792 Ι
619 709 783 786 δπτοβεῖ-
801 705 807 790 Ι
827 707 860 769 lb
879 706 956 768 lb—
975 703 980 790 Ι
999 707 1040 781 mi
1056 701 1130 780 μ’-
1149 701 1154 786 Ι
1174 703 1205 764 τι’
1223 700 1296 764 ποτέ
1317 697 1347 777 μ’

252 804 324 870 ιδ-
341 806 348 892 Ι
366 808 398 870 τί
419 832 492 872 ποτε
517 805 657 872 suiad·
675 805 681 893 Ι
700 811 937 889 δμορτοῢσον-
956 806 961 891 Ι
980 803 1210 888 οδστρηλδτιρ-
1228 802 1234 887 Ι
1253 799 1349 880 πορδ-

252 931 386 972 κοπον-
405 906 411 994 Ι
429 909 542 989 πνρδ-
560 906 566 994 Ι
584 910 755 975 ποντίοις·
775 907 781 995 Ι
800 907 1079 989 φθονήσῃς-ἅναξ.

292 1026 367 1093 572.
392 1009 557 1094 κννηγετεΐ]
573 1011 673 1074 Recte
688 1007 868 1072 Brunckius
887 1007 1035 1072 Doricam
1056 1006 1189 1071 formam
1213 1003 1348 1069 restituit

251 1115 415 1192 κυναγετεῖ.
461 1110 577 1175 Versus
591 1133 629 1174 ex
646 1109 790 1174 dochmio
804 1123 836 1174 et
850 1109 979 1196 dipodia
992 1108 1124 1172 iambica
1137 1106 1338 1194 compositus.

291 1227 365 1298 573.
384 1212 525 1275 Metrum
541 1211 637 1297 hujus
651 1231 758 1276 versus
772 1226 819 1275 est

292 1520 430 1604 ψάμμον]
447 1520 653 1584 scribendum
672 1522 800 1603 ψάρρον
821 1543 861 1585 ex
883 1522 933 1599 M,
952 1521 984 1584 in
1007 1543 1072 1606 quo
1092 1505 1230 1601 caudi.
1275 1517 1347 1594 Qua

247 1621 349 1686 sonna
364 1621 464 1685 utitur
478 1621 643 1709 Aristoph.
661 1623 738 1710 Lys.
755 1626 845 1690 1261.
860 1623 898 1702 ιΙν
917 1626 975 1704 γὰρ
995 1623 1121 1702 τῶνδρες
1134 1621 1187 1684 οὐκ
1207 1618 1347 1684 ἐλάσσως

249 1727 301 1790 τᾶο·
314 1723 448 1806 ψάμμας.

290 1841 366 1909 574.
385 1825 424 1888 1n
440 1823 577 1889 editione
588 1825 759 1890 Oxoniensi
770 1825 882 1890 omissa
897 1822 1128 1910 antistropbicae
1141 1819 1349 1909 responsionis

248 1926 368 1990 notatio
381 1926 780 2012 574-588=593-⁶08·

292 2027 349 2090 δπδ
368 2028 552 2112 δέ-νόρον]
574 2048 645 2091 cera
668 2049 742 2092 cero
762 2038 922 2113 compacto
938 2047 1053 2091 ιοιιοτο
1062 2024 1181 2111 fissan
1202 2026 1347 2089 acbmcr-

248 2137 356 2192 murat
368 2149 495 2192 carmen
510 2127 731 2218 soponscrcm.
776 2129 900 2213 Nempe
920 2142 955 2191 ut
969 2129 1080 2213 Argus
1094 2140 1252 2212 pastorum
1268 2125 1345 2204 ritu,

248 2229 358 2294 Inachi
380 2228 488 2310 filiam,
509 2229 584 2294 dum
606 2229 730 2294 vivebat
751 2229 938 2308 custodiens,
952 2227 1057 2293 fistula
1078 2229 1219 2304 canebat,
1240 2227 1283 2291 sic
1306 2228 1347 2291 Io

245 2329 353 2395 furore
363 2346 434 2396 acta
447 2332 617 2396 etiamnum
634 2332 702 2418 ejus
716 2346 841 2396 cantum
857 2330 967 2395 audire
982 2330 1156 2396 videbatur.
1178 2332 1347 2396 ὑπνοδόταν

246 2434 339 2513 νόμον
362 2432 411 2497 vel
434 2433 583 2498 ornandas
604 2447 727 2497 tantum
749 2432 892 2518 imaginis
913 2455 1008 2497 causa
1027 2431 1183 2519 adjectum
1206 2444 1266 2510 est,
1285 2430 1346 2508 vel,

245 2533 332 2620 quod
356 2532 468 2598 melius
488 2535 600 2621 placet,
618 2533 659 2598 ad
680 2533 905 2598 miserationem
926 2533 1191 2598 commovendam.
1236 2534 1344 2611 Quum

245 2635 327 2699 enim
345 2637 384 2699 lo
398 2634 529 2699 molesto
542 2634 734 2699 lassitudinis
752 2657 842 2699 sensu
863 2636 1073 2721 premebatur,
1089 2651 1158 2699 tum
1180 2635 1240 2699 boc
1260 2656 1346 2699 ame-

246 2735 342 2800 debat
355 2734 395 2798 ad
411 2738 480 2821 ejus
495 2735 660 2814 miseriam,
674 2735 759 2822 quod
775 2735 889 2800 fistulae
902 2751 1013 2801 mutus
1027 2758 1169 2800 somnum
1188 2735 1344 2813 invitaret,

246 2859 311 2923 quo
325 2850 428 2900 tamen
442 2835 484 2899 ob
499 2849 681 2922 perpetuam
698 2836 780 2924 Argi
799 2836 907 2924 fugam
929 2836 993 2902 frui
1016 2858 1077 2902 non
1099 2837 1221 2902 licebat.
1242 2836 1345 2901 δπδ-

245 2940 368 3017 δττοβεῖ
379 2960 435 3023 per
449 2937 559 3000 tmesin
574 2959 633 3024 pro
647 2940 818 3018 δτοττοβεΐ.
843 2942 1060 3020 Κηρδπλοοτοι·
1073 2937 1166 3017 δόνοξ
1177 2953 1224 3003 est
1238 2938 1343 3019 ον’ριγξ

246 3060 300 3102 seu
322 3038 427 3103 fistula
448 3039 642 3126 disparibus,
667 3053 703 3103 ut
724 3040 767 3104 ait
791 3039 925 3105 Ovidius
948 3039 1343 3127 (Metamorph.1,712.)‚

246 3140 375 3204 οοὶοποὶι
390 3141 577 3228 compagine
590 3161 670 3205 certe
684 3143 766 3206 inter
779 3143 953 3227 sejunctis.
971 3142 1072 3205 SCH.

288 3245 393 3322 ὀτοβεῖ
408 3243 456 3305 Μ.
502 3241 609 3328 Vulgo
623 3245 753 3323 δττοβεῖ.

287 3362 328 3428 57
330 3359 360 3428 5.
377 3341 484 3430 νόμον]
503 3342 631 3430 Syllaba
645 3344 756 3409 ultima
770 3360 843 3410 ante
857 3343 1111 3408 exclamationem
1128 3342 1292 3429 producta.

289 3445 322 3508 lb
350 3446 393 3518 ἰὼ,
417 3443 517 3519 πόποι,
536 3447 544 3528 Ι
562 3453 623 3520 ποῖ,
648 3444 749 3520 πόποι,
773 3452 828 3511 ποῖ
856 3444 1014 3510 Seidlerus
1042 3444 1082 3509 de
1108 3467 1186 3509 vers.
1216 3443 1343 3510 dochm.

246 3569 276 3632 p.
293 3547 344 3627 84
360 3561 392 3610 ct
404 3567 474 3627 141.
497 3547 677 3634 pariterque
698 3547 878 3627 Elmsleiua
900 3547 958 3611 nisi
980 3546 1065 3633 quod
1086 3568 1178 3610 versu
1200 3545 1298 3611 altero
1320 3545 1344 3611 δ

246 3646 346 3722 πόποι,
370 3650 412 3732 πᾷ
435 3649 567 3735 scripsit.
591 3651 624 3713 lb
648 3651 691 3723 ῑδ,
712 3656 847 3723 ποῖποῖ,
867 3655 914 3713 aa
935 3654 982 3712 πῶ
1002 3655 1057 3727 aa,
1076 3653 1118 3727 πῆ
1137 3647 1243 3734 vulgo.
1288 3647 1345 3712 Ad

244 3750 350 3836 priora
370 3750 423 3814 illa
444 3752 477 3815 ῑδ
500 3753 543 3828 lb,
559 3757 614 3815 ποῖ
629 3757 691 3824 ποῖ,
708 3750 794 3814 nulla
808 3774 826 3814 e
840 3750 926 3815 libris
939 3765 1088 3815 annotata
1102 3750 1264 3836 scripturae
1278 3749 1342 3814 dis·

244 3854 403 3941 crepantia
419 3867 466 3917 est
487 3852 544 3916 nisi
566 3851 652 3939 quod
677 3854 775 3916 codex
797 3852 941 3917 Tumebi
963 3854 996 3916 ῑδ
1019 3854 1052 3916 lb
1073 3853 1113 3916 πδ
1136 3858 1191 3916 ποῖ
1214 3853 1253 3916 πδ
1279 3859 1342 3927 ποῖ,

244 3956 329 4040 quod
353 3956 392 4019 ad
415 3956 558 4042 proxima
572 3953 677 4041 potius
690 3961 736 4018 πό
746 3959 793 4018 πῶ
805 3960 851 4018 rr&
864 3958 905 4034 πῆ
920 3953 1116 4018 referendum
1132 3952 1268 4028 videtur,
1285 3975 1344 4039 pro

244 4057 360 4143 quibus
376 4059 425 4121 M.
439 4055 540 4123 ’rddo‘t
552 4055 653 4122 ’πδδόι
666 4061 717 4137 πῇ,
732 4057 817 4143 φοοδ
838 4057 870 4121 in
889 4071 1040 4144 quattuor
1057 4055 1125 4120 aliis
1143 4053 1235 4120 πόποι
1253 4054 1345 4119 πότοι

244 4161 285 4245 τῇ
299 4160 458 4245 scriptum.
505 4161 586 4223 Tres
600 4158 652 4222 alii
667 4165 711 4223 πό
725 4166 780 4224 ποῖ
791 4166 837 4223 πό
851 4167 912 4233 ποῖ,
929 4158 1057 4223 totidem
1073 4164 1119 4222 πῶ
1133 4164 1179 4221 πῶ
1193 4163 1254 4221 ποῖ.

287 4263 360 4343 576.
377 4261 560 4339 τηλέπλονοι
575 4260 753 4325 Elmsleius.
801 4262 983 4346 Legebatur
997 4259 1227 4341 τηλέπλογκτοι.

287 4370 400 4436 πλάνοι
414 4373 497 4435 ΑΒ.
513 4372 628 4458 aliique
642 4373 743 4438 multi.
766 4359 877 4438 πλδνδδ
893 4373 943 4435 Μ.
991 4370 1094 4457 Vulgo
1108 4370 1229 4435 πλάνοι.

286 4488 360 4558 577.
375 4473 418 4559 τί]
434 4475 477 4542 τίς
490 4473 569 4540 Ald.
585 4474 668 4540 Rob.
