2978 5062
517 334 585 400 AD
608 336 967 402 PROMETHEUM.
1232 340 1295 404 105

193 507 330 582 atulam
353 505 405 570 cui
430 505 548 571 accedit
575 505 671 570 schol.
694 505 735 586 θ.
781 506 938 592 Quicquid
962 530 1035 570 vero
1058 508 1098 572 de
1120 508 1296 596 Arimaspis

194 607 321 685 dicitur,
343 606 375 670 in
398 607 531 671 dubium
554 623 643 672 vocat
667 608 850 672 Herodotus
868 629 902 692 3,
920 612 991 683 116,
1014 610 1076 673 imo
1098 611 1137 673 de
1160 610 1196 674 iis
1218 610 1294 674 nihil

195 708 276 772 tradi
301 724 417 794 proeter
442 709 564 773 fabulas
591 710 704 773 Strabo
727 709 840 795 probat
865 730 912 774 11.
938 733 970 797 p.
992 725 1068 794 507.
1095 714 1131 775 C.
1158 713 1293 776 Casaub.

196 817 365 881 STANL.
386 825 510 897 μονῶπα
526 820 568 881 D.
584 833 615 882 et
638 818 786 882 Eustath.
811 818 851 882 ad
875 819 1005 904 Dionys.
1021 819 1058 883 P.
1075 839 1128 903 31.
1151 818 1295 899 μοννῶπίἰ

195 920 244 982 Μ.
260 944 297 982 ον
311 918 352 982 ab
367 941 426 982 rec.
444 941 537 981 manu
552 918 717 1004 adscripto.

238 1023 313 1104 805.
326 1023 539 1104 χρυσόρρυτον]
555 1024 648 1085 Auro
659 1021 820 1084 abundare
832 1021 939 1107 plagas
951 1022 1018 1086 illas
1030 1024 1294 1109 septentrionales,

194 1137 308 1208 praeter
333 1122 473 1185 Solinum
500 1145 568 1209 cap.
594 1140 642 1208 15.
668 1123 775 1187 asserit
800 1124 986 1188 Herodotus
1011 1146 1044 1210 3,
1068 1128 1138 1189 116.
1166 1126 1239 1206 πρὸς
1263 1130 1296 1192 δὲ

194 1224 301 1305 ἄρκτον
323 1229 374 1302 τῆς
396 1225 537 1306 Εὐρώπης
557 1229 662 1310 πολλῷ
685 1250 730 1287 τοι
756 1231 899 1292 πλεῖστος
924 1226 1037 1308 χρυσὸς
1062 1228 1200 1307 φαίνεται
1227 1230 1293 1292 ἑόν.

195 1327 298 1390 Caute
325 1340 427 1391 tamen
459 1327 566 1391 subdit
595 1328 670 1393 ὅκως
695 1329 751 1405 μὲν
774 1329 930 1407 γινόμενος
953 1329 1005 1390 οὐκ
1033 1329 1092 1410 ἔχω
1116 1328 1183 1391 οὐδὲ
1208 1334 1293 1393 τοῦτο

195 1428 339 1509 ἀτρεκέως
348 1429 437 1492 einai.
463 1428 548 1491 Ηίιιο
562 1429 712 1491 Lucanus
722 1448 755 1512 3,
765 1430 841 1510 289:
859 1451 998 1516 astroque
1009 1431 1294 1516 ligatassabatrin-

188 1551 274 1617 gana
288 1531 459 1617 Arimaspe
480 1552 593 1593 comas.
641 1530 751 1615 Hujus
771 1552 864 1593 eausa
878 1531 1016 1617 gryphes
1030 1553 1100 1594 cum
1118 1532 1294 1620 Arimaspis

193 1630 317 1695 assidue
332 1654 474 1718 pugnare
489 1655 528 1695 ex
545 1630 671 1695 Aristea
686 1632 780 1695 refert
796 1633 966 1695 Pausanias
984 1654 1013 1709 1,
1030 1652 1080 1713 24.
1107 1636 1274 1700 STANL.

238 1733 311 1797 806.
327 1732 436 1818 πόρου]
453 1736 546 1815 πόρον
562 1734 612 1797 Μ.
628 1733 742 1819 aliique
758 1734 898 1797 nonnulli
914 1751 946 1797 et
961 1735 1044 1799 Rob.

99 1908 115 1927 ·
240 1882 311 1964 807.
327 1883 488 1971 τηλουρὸν]
504 1820 670 1966 πηλόόίοὸγνὸν
685 1885 733 1947 M.
757 1886 845 1965 ουρὸν
858 1884 898 1948 ab
913 1884 973 1947 alia
988 1907 1082 1948 manu
1098 1884 1265 1969 adscripto.

239 1984 311 2047 808.
327 1984 356 2048 οἰ
369 1985 442 2065 πρὸς
460 1986 547 2064 ἡλίου
567 1987 683 2049 ναίουσι
703 1987 824 2070 πηγαῖς]
845 1988 970 2050 Veteres
988 1986 1156 2073 AEtbiopas
1178 1986 1218 2048 ad
1242 2010 1295 2050 ex-

71 2162 76 2173 ,
196 2085 365 2150 tremitates
385 2101 475 2150 terrae
494 2085 660 2150 collocatos
682 2089 858 2164 censebant,
876 2110 936 2151 non
960 2088 1058 2151 solum
1077 2112 1183 2153 versus
1206 2089 1295 2152 meri·

195 2185 289 2264 diem,
312 2187 366 2251 sed
389 2202 421 2251 et
443 2211 550 2252 versus
571 2188 720 2253 orientem
748 2205 779 2252 et
804 2190 1018 2263 occidentem
1046 2190 1159 2253 etenim
1190 2206 1295 2256 monet

198 2288 310 2351 Strabo
332 2309 361 2366 ι,
387 2311 420 2375 p.
444 2308 496 2375 33.
522 2293 560 2353 τὰ
588 2295 777 2371 μεσημβρινὰ
806 2290 904 2353 πάντα
930 2291 1095 2354 Αἰθιωπίαν
1124 2296 1293 2370 καλεῖσθαι,

195 2392 286 2476 cujus
311 2391 355 2455 rei
382 2406 490 2455 testem
517 2392 647 2456 adducit
670 2392 858 2480 AEsebylum
882 2392 913 2454 in
938 2391 1126 2455 Prometheo
1147 2394 1293 2479 λυομένῳ.

196 2495 323 2557 Veteres
338 2493 480 2580 sequitur
496 2494 696 2572 Ptolemaeus,
714 2496 771 2559 εἰσὶ
786 2497 818 2558 δὲ
834 2497 941 2573 ὁμοίως
955 2497 984 2558 ol
1003 2493 1060 2557 ὑπὸ
1075 2495 1128 2558 τὸν
1144 2496 1295 2560 Ζωδιακὸν

196 2596 344 2662 οἰκοῦντες
358 2596 416 2659 ἀπὸ
431 2598 543 2663 δόσεως
556 2597 660 2679 μέχρις
674 2599 838 2669 ἆνατολῶν,
853 2597 980 2663 ἅπαντες
993 2597 1124 2675 μέλανες
1139 2600 1191 2663 τὰς
1202 2599 1295 2679 χρόας

198 2699 344 2764 Αἰθίοπες.
391 2697 472 2762 Inde
486 2699 561 2779 πρὸς
574 2701 660 2778 ἡλίου
675 2707 784 2780 πηγαῖς
799 2699 900 2786 positi.
918 2698 1024 2786 Virgil.
1043 2700 1119 2763 AEn.
1136 2720 1168 2779 4,
1183 2701 1256 2782 480.

325 2848 441 2912 Oceani
457 2849 548 2912 finem
559 2850 654 2935 juxta
668 2849 827 2936 solemque
841 2852 1000 2915 cadentem

325 2949 466 3014 Ultimus
482 2951 670 3038 AEthiopum
687 2951 773 3016 loeus
787 2969 842 3016 est.
858 2989 944 3001 -—

198 3109 382 3174 Macrobius
396 3111 426 3173 1.
440 3130 493 3196 33.
510 3111 714 3176 Homericum
731 3111 809 3175 illud
825 3113 984 3198 proferens
1000 3111 1040 3175 ΙΙ.
1057 3120 1082 3189 1,
1097 3132 1170 3198 423.

327 3279 402 3346 Ζεὺς
418 3280 503 3364 [γὰρ]
519 3282 550 3346 ἐς
563 3279 714 3345 Ὠκεανόν
728 3282 788 3359 μετ’
805 3281 955 3357 θμόμονας
971 3281 1132 3355 Αἰθιοπῆας

327 3380 426 3462 χθιζὸς
441 3383 497 3460 ἔβη
511 3386 585 3462 μετὰ
603 3383 706 3466 [κατὰ]
724 3387 819 3454 δαῖτα,
836 3417 922 3429 -

198 3556 304 3632 louis,
318 3554 431 3642 inquit,
445 3559 656 3645 appellatione
679 3558 781 3623 Salam
802 3557 940 3644 intelligi
961 3556 1151 3641 Cornificius
1172 3554 1292 3631 scribit,

198 3657 352 3720 miranda
370 3660 486 3722 Oceani
502 3660 586 3723 velut
600 3661 696 3747 dapes
710 3662 883 3723 ministrat.
910 3659 1077 3724 STANL.

242 3759 313 3842 809.
341 3760 414 3823 ἔνθα
438 3762 570 3842 ποταμὸς
595 3762 723 3847 Αἰθίοψ]
752 3765 784 3825 Α
806 3764 908 3826 colore
931 3762 990 3825 hoc
1013 3782 1125 3824 nomen
1150 3758 1292 3842 adeptus.

201 3858 296 3924 Solin.
311 3883 338 3924 e.
356 3881 407 3938 24.
422 3863 509 3927 altra
524 3865 627 3927 adlice
640 3867 755 3939 amnia,
771 3866 825 3951 qui
844 3875 913 3927 atro
932 3865 1029 3927 colore
1051 3863 1117 3924 ecit
1134 3881 1195 3942 per
1216 3861 1294 3922 inti·

199 3972 310 4026 maaet
325 3974 455 4028 eaustus
468 3967 662 4042 solitudines,
677 3990 747 4052 pace
762 3976 899 4030 torrente
908 3973 1061 4051 perpetuo
1076 3973 1105 4026 et
1121 3963 1183 4025 sole
1196 3963 1295 4025 nintio

193 4064 364 4150 plusquam
378 4068 486 4153 ignito
499 4090 660 4153 ιιιιυηυαυι
677 4068 716 4128 nb
731 4077 814 4130 oestrt
830 4067 1045 4129 vindicantur.
1070 4064 1193 4127 STAN
1197 4063 1238 4126 L.

242 4166 314 4229 810.
330 4169 435 4232 τούτου
449 4166 516 4248 παρ’
533 4170 626 4250 ὄχθος
642 4166 725 4251 ἕρφ’]
741 4167 841 4253 Niger
855 4190 926 4230 cum
942 4167 982 4230 ad
999 4165 1145 4229 ultimum
1160 4178 1295 4227 catarac-

199 4280 300 4330 tarum
316 4268 503 4356 pervenerit,
518 4268 612 4333 Nilus
629 4270 752 4332 dicitur.
788 4269 883 4332 Solin.
899 4287 950 4353 32.
966 4270 1147 4355 demumque
1160 4288 1181 4329 a
1199 4269 1296 4331 Cata·

199 4377 284 4432 racte
297 4371 408 4434 altimo
423 4379 509 4433 tutas
523 4380 580 4446 est,
596 4373 642 4434 ita
657 4373 739 4433 enim
754 4371 897 4457 quadam
912 4372 1052 4434 claustra
1067 4373 1136 4455 ejus
1147 4369 1296 4456 AEgyptii

198 4482 404 4558 nrrncupant‚·
428 4472 536 4535 relicto
558 4481 662 4536 tamen
684 4472 739 4535 Ιιοι
755 4481 829 4558 post
845 4492 878 4534 se
892 4473 1017 4534 nornine
1032 4493 1091 4557 ηυο
1106 4472 1229 4556 Nigris
1243 4491 1296 4531 uo-

744 4596 764 4636 ο
