2978 5062
474 314 542 375 AD
564 313 925 377 PROMETHEUM.
1207 311 1247 373 81

193 481 269 563 566.
285 481 304 542 ἃ
319 481 350 564 ἃ]
367 481 472 567 Vulgo
487 482 506 544 ἃ
521 485 549 546 d.

196 581 231 643 ἔα
246 581 293 665 ἔα]
313 581 327 644 l
349 581 364 645 ἒ
381 584 430 646 Μ.
477 583 626 646 Similiter
647 598 762 668 praeter
783 583 859 646 alios
882 606 964 646 uuus
986 583 1026 646 de
1043 583 1202 660 Parisiuis,
1217 584 1249 645 iu

152 704 217 764 quo
238 682 428 770 adscriptum
452 711 500 766 γρ.
524 685 570 747 ἔα.
596 685 641 746 ἔα.
687 683 816 748 Eaedem
840 686 1080 750 exclamationes
1094 686 1114 747 ἃ
1130 686 1148 747 ἆ
1165 686 1200 748 ἔα
1215 685 1251 748 ἔα

151 785 388 870 conjunguntur
403 810 430 850 v.
448 807 517 866 1¹4·
536 787 588 849 ubi
609 786 687 850 liber
704 787 867 851 Mediceus
887 788 919 850 iu
935 787 1093 873 vulgatam
1116 788 1249 873 scriptu-

153 906 216 947 ram
232 884 404 950 consentire
420 888 554 951 videtur.
599 890 673 974 Ego
687 888 723 952 ἔα
738 889 773 951 ἔα
788 888 835 950 vel
852 890 869 951 ἔ
883 889 899 952 ἔ
919 888 1086 973 utrobique
1099 889 1140 951 ab
1155 888 1248 952 libra·

152 987 205 1049 riis
219 986 410 1074 adscriptum
430 987 541 1074 judico
554 988 593 1052 ad
609 988 823 1074 explicandam
841 989 973 1052 formam
991 990 1075 1053 verbi
1091 992 1126 1053 ἔα
1143 1012 1250 1052 mono·

153 1090 302 1175 syllabam
329 1092 358 1164 ἃ,
382 1089 422 1153 de
445 1114 509 1176 qua
530 1091 731 1154 conferantur
752 1091 967 1155 annotationes
990 1114 1066 1155 meae
1088 1092 1127 1155 ad
1153 1091 1251 1178 Sopb.

154 1193 232 1257 OEd.
249 1195 291 1257 T.
308 1210 400 1278 1513.
418 1192 581 1278 Aristopb.
599 1193 729 1255 Thesm.
746 1194 799 1273 64.
816 1195 887 1274 176.

194 1299 277 1379 567.
293 1296 361 1380 τὰν]
377 1293 541 1358 Articulus
562 1317 600 1356 ex
625 1293 724 1357 tribus
745 1294 837 1358 codd.
854 1295 991 1369 additus,
1011 1318 1145 1379 quorum
1171 1318 1252 1358 rinus

153 1401 217 1470 τὰν,
234 1397 299 1461 duo
313 1396 375 1476 τήν.

196 1506 325 1590 οἶστρος]
341 1493 472 1586 οἵστροοιςς
488 1507 537 1568 Μ.
553 1532 586 1571 ος
600 1505 641 1567 ab
655 1505 715 1568 alia
730 1529 823 1569 mauu
840 1506 1007 1592 adscripto.

196 1609 269 1692 568.
285 1605 366 1670 ἄλευ’
379 1605 402 1669 ὦ
417 1612 464 1685 δῦ,
475 1605 546 1670 edd.
563 1606 683 1691 primae,
696 1607 883 1693 quibuscum
900 1607 1098 1670 consentiunt
1113 1608 1253 1694 plerique

152 1708 243 1772 codd.
256 1725 287 1772 et
299 1707 393 1772 schol.
406 1710 448 1771 A.
462 1722 492 1770 et
505 1709 543 1771 B.
569 1708 666 1771 MSS.
684 1708 837 1785 nonnulli,
854 1724 930 1772 teste
946 1709 1111 1786 'l'uruebo‚
1125 1709 1217 1786 ἄλευ’,
1234 1712 1253 1771 ἃ

154 1816 200 1874 δῦ.
223 1826 318 1896 atque
339 1811 383 1874 ita
403 1812 445 1874 N.
465 1811 553 1897 quod
575 1811 687 1897 probat
703 1811 852 1875 Valcken.
875 1812 913 1875 ad
940 1811 1094 1875 Phoeuiss.
1109 1833 1118 1874 ι
1125 1833 1199 1895 304.
1222 1827 1253 1874 et

153 1911 320 1975 defendere
341 1911 465 1975 videtur
481 1914 590 1997 Etym.
608 1914 657 1974 M.
673 1936 706 1998 p.
723 1918 776 1990 60,
794 1914 822 1974 8.
845 1913 1005 1986 Ἀλευάδα,
1030 1917 1139 1994 εἴρηται
1159 1916 1197 1979 ὡς
1219 1914 1254 1975 rb

154 2017 262 2078 Φεῦδα.
286 2016 316 2077 ol
337 2018 394 2095 γὰρ
409 2021 535 2093 Δωριεῖς
556 2015 610 2092 τὴν
629 2019 686 2096 γῆν
703 2019 758 2078 δᾶν
772 2015 906 2096 λέγουσι,
925 2015 978 2078 ubi
996 2014 1157 2078 Arnaldus
1171 2014 1250 2076 Ani-

155 2117 258 2179 madv.
273 2137 304 2201 p.
321 2118 390 2179 181.
414 2116 540 2202 corrigit
563 2118 709 2192 ἆλευέδο;
734 2116 831 2179 male:
857 2115 938 2179 male
960 2117 1051 2179 etiarn
1074 2139 1145 2179 curn
1171 2117 1252 2200 ury-

155 2215 278 2300 mologo
293 2214 398 2278 scribit
414 2238 475 2278 una
491 2239 566 2279 voce
579 2218 692 2297 φεῦδαε
718 2216 840 2279 divisim
861 2216 941 2278 euim
964 2215 1160 2279 scribendum
1184 2220 1251 2296 φεῦ,

153 2320 200 2379 δᾶ.
219 2317 382 2405 Aristoplr.
399 2317 533 2403 Lysistr.
551 2319 619 2400 198.
636 2322 704 2399 φεῦ,
720 2322 766 2394 δῦ,
782 2318 836 2380 τὸν
850 2319 949 2396 ὅρκον.
974 2315 1056 2378 Dedi
1072 2338 1109 2378 ex
1127 2314 1252 2377 Monkii

154 2417 316 2496 sententia,
336 2419 435 2491 ἄλευε,
460 2424 505 2482 δᾶ.
530 2421 704 2482 BLOMF.
751 2417 816 2480 Alii
842 2417 969 2502 quidam
993 2416 1085 2480 codd.
1111 2416 1253 2480 ἆλενάδα.

154 2521 296 2597 Quorum
315 2520 455 2583 omnium
475 2520 553 2583 nibil
568 2542 674 2583 verum
698 2542 763 2582 esse
786 2512 874 2582 metri
898 2518 998 2582 forma
1020 2517 1164 2594 ostendit,
1180 2529 1254 2602 quae'

155 2621 309 2685 senarium
330 2619 541 2685 catalecticum
563 2622 709 2706 postulat.
756 2619 966 2698 Quamobrem
982 2622 1056 2683 ἄλεν
1071 2625 1108 2683 δῦ
1121 2619 1252 2695 correxi,

155 2724 298 2787 restituta
311 2745 459 2809 apocope,
469 2745 604 2808 quacum
620 2736 819 2808 comparetur
833 2728 893 2786 παῦ
903 2745 962 2808 ρτο
976 2727 1052 2785 παῦε
1066 2721 1197 2797 dictum,
1214 2720 1254 2785 de

154 2850 219 2912 quo
233 2826 363 2912 exposui
378 2825 418 2890 ad
435 2825 600 2911 Aristoph.
615 2825 727 2910 Equit.
744 2825 817 2892 821.
851 2823 975 2887 Deinde
990 2837 1059 2909 post
1076 2828 1112 2887 δῦ
1130 2823 1252 2909 legeba-

156 2943 208 2991 tur
229 2933 393 3010 φοβοῦμαι.
439 2929 537 2991 Recte
559 2925 628 2990 libri
651 2925 905 2990 Vindobonenses
928 2926 993 2989 duo
1014 2949 1052 2988 ex
1076 2926 1255 3011 conjectura

156 3028 295 3114 quidam,
312 3042 348 3092 ut
363 3027 500 3107 videtur,
516 3027 696 3092 correctoris
711 3028 841 3106 metrici,
856 3027 910 3091 sed
930 3050 967 3090 ea
980 3027 1148 3101 verissima,
1165 3028 1255 3091 omit-

156 3144 228 3194 tunt
243 3129 355 3194 veteris
376 3129 460 3193 istud
484 3129 655 3193 scholiastae
674 3134 839 3211 φοβοῦμαι,
855 3152 919 3214 quo
940 3128 1035 3192 hodie
1054 3151 1117 3192 nou
1135 3129 1254 3216 indige-

156 3254 226 3294 mus
240 3231 279 3294 ad
294 3229 521 3317 expediendam
538 3232 703 3294 verborum
720 3229 991 3305 constructionem,
1007 3231 1098 3314 cujus
1111 3230 1254 3316 exempla

155 3333 180 3395 si
207 3333 277 3418 quis
299 3331 464 3410 desiderat,
489 3331 637 3396 Matthiae
658 3330 887 3394 annotationem
911 3329 1002 3393 adeat
1024 3330 1063 3392 ad
1086 3331 1253 3394 Hecubam

156 3432 319 3519 Euripidis
335 3456 363 3496 v.
380 3453 453 3517 950.

198 3538 271 3619 569.
287 3537 340 3599 τὸν
353 3533 670 3617 μυριωπὸν-βούταν]
684 3531 881 3618 Nicephorus
896 3531 927 3595 in
945 3535 1055 3619 Synes.
1067 3532 1106 3595 de
1122 3533 1252 3596 insomu.

156 3634 188 3723 p.
198 3656 271 3719 402.
288 3640 404 3702 Βοῦτον
418 3638 450 3700 δὲ
462 3641 550 3699 καλεῖ
557 3634 611 3697 τὸν
622 3637 776 3712 πανόπτην
785 3632 927 3714 Ἀργονὸ
942 3634 1080 3714 τραγικὸς
1092 3637 1252 3717 Αἰσχύλος,

155 3738 213 3817 rius
233 3742 392 3819 βούκολον,
416 3740 454 3805 ὡς
475 3739 689 3801 ἐπιστατοῦντα
707 3737 754 3799 καὶ
778 3737 925 3814 ἑπόμενον
942 3741 976 3815 τῇ
996 3734 1054 3799 Ἰοῖ
1074 3740 1109 3821 τῇ
1130 3737 1251 3818 θυγατρὶ

155 3848 208 3904 τοῦ
229 3839 357 3924 Ἰνάχου·
389 3840 475 3921 φέρει
500 3842 557 3920 γὰρ
583 3838 674 3914 αὐτὴν
698 3837 850 3919 λέγουσαν
874 3840 991 3901 οὑτωσί·
1021 3843 1174 3918 φοβοῦμαι
1199 3837 1252 3902 τὸν

155 3943 305 4022 μυριωπὸν
329 3945 476 4023 εἰσορῶσα
499 3943 624 4020 βούταν.
671 3942 828 4004 Coeterum
856 3939 939 4003 mille
962 3940 989 4002 ei
1015 3938 1121 4001 oculos
1144 3938 1253 4004 tribuit

157 4042 337 4130 AEscbylus‚
354 4042 488 4106 Ovidius
502 4064 565 4105 nou
581 4041 792 4117 uincentum,
808 4042 943 4104 Metam.
961 4061 988 4117 1,
1005 4042 1078 4123 625.

286 4147 422 4208 Centum
438 4142 610 4207 luminibus
624 4143 759 4207 cinctum
775 4157 870 4228 caput
886 4145 996 4228 Argus
1010 4141 1153 4204 babebat.

158 4248 209 4309 Ita
223 4264 253 4310 et
270 4245 464 4310 Claudianus
478 4246 517 4310 de
531 4246 616 4310 laud.
634 4245 754 4309 Stilicb.
769 4267 795 4321 1,
810 4264 885 4329 312.

284 4351 409 4433 Argum
425 4348 616 4411 famarefert
632 4363 761 4411 centeno
777 4346 894 4410 lumine
908 4346 1043 4409 cinctum

287 4449 436 4535 Corporis
450 4449 588 4514 excubiis
605 4471 696 4512 unam
713 4472 848 4512 servasse
858 4449 1035 4534 juvencam.
1085 4448 1251 4514 s'rANL.

705 4573 722 4612 1.
