2978 5062
209 352 231 413 8
619 352 892 418 PRAEFATIO.

208 518 318 590 saculi
338 540 387 609 15.
406 518 534 609 (Catal.
554 518 621 590 vol.
640 544 669 592 a.
687 543 722 612 p.
734 522 827 611 553.)
855 520 954 592 Inest
972 522 1219 612 Prometheus,
1236 530 1310 602 col.

208 633 301 705 latus
318 656 340 704 a
357 634 594 706 Vauvillersio
612 633 680 705 vol.
702 659 729 704 1.
748 658 782 727 p.
801 660 876 726 304.

261 776 310 818 11.
336 748 381 818 Ε.
413 749 590 820 Parisinus
630 755 724 836 2782.
760 748 796 818 A
823 750 1130 846 Constantinopoli
1154 755 1307 833 Parisios

205 862 362 955 perlatus
386 887 417 934 a.
439 885 531 953 1740.
556 864 763 936 chartaceus
787 865 896 936 seculi
917 875 967 937 16.
1011 868 1139 940 Insunt
1160 871 1307 948 Prome-

205 989 310 1060 theus
334 998 373 1059 et
398 989 546 1083 Septem
569 999 607 1060 et
629 991 699 1061 alia
722 990 872 1061 aliorum
896 993 1035 1084 scripta,
1053 995 1099 1064 de
1119 998 1249 1087 quibus
1271 1024 1303 1071 v.

205 1104 318 1175 Catal.
344 1104 413 1175 vol.
442 1129 471 1174 2.
499 1127 533 1197 p.
556 1109 630 1191 624.
674 1104 833 1177 Collatus
863 1129 885 1177 a
909 1107 1145 1180 Vauvillersio
1174 1113 1244 1184 vol.
1275 1141 1303 1187 1.

202 1241 237 1310 p.
255 1244 330 1309 3ιο.

257 1358 306 1404 12.
333 1329 378 1403 F.
406 1332 584 1404 Parisinus
608 1341 702 1422 2788.
726 1334 932 1406 chartaceus
961 1337 1071 1408 seculi
1100 1346 1149 1408 16.
1172 1339 1300 1428 (Catal.

203 1448 272 1518 vol.
300 1471 329 1519 a.
356 1469 392 1539 p.
415 1450 506 1539 553.)
551 1447 678 1518 Insunt
712 1448 957 1534 Prometheus,
987 1451 1144 1546 Septem,
1174 1452 1299 1529 Persae.

203 1563 364 1635 Collatus
380 1586 402 1634 a
419 1561 655 1634 Vauvillersio
672 1564 742 1633 vol.
762 1587 790 1631 1.
807 1584 842 1654 p.
860 1587 935 1652 322.

255 1704 305 1768 13.
330 1676 376 1747 N.
395 1677 573 1747 Parisinus
591 1683 686 1767 2785.
710 1676 796 1747 olim
813 1676 1049 1761 Colbertinus,
1067 1679 1300 1776 bombycinus

201 1792 310 1864 seculi
331 1819 381 1883 13.
400 1791 529 1879 (Catal.
547 1791 615 1861 vol.
631 1816 660 1864 a.
678 1816 712 1885 p.
725 1816 746 1885 5
748 1800 817 1889 57.)
845 1797 988 1868 Eaedem
1006 1799 1143 1884 fabulae,
1161 1803 1299 1877 collata

200 1933 223 1979 a
239 1906 477 1980 Vauvillersio
494 1906 563 1976 vol.
580 1933 612 1994 4.
630 1931 664 2000 p.
683 1918 735 2000 89.

254 2048 303 2110 14
339 2019 443 2092 Vited.
468 2020 692 2093 bibliotheca
709 2023 987 2119 Vitebergensis
1011 2027 1218 2102 chartaceus
1243 2054 1297 2106 se-

198 2136 269 2208 culi
300 2164 349 2228 ¹3·
377 2136 435 2206 vel
464 2162 513 2223 14.
554 2135 789 2209 Prometheus
814 2139 887 2228 (cui
913 2140 1042 2212 desunt
1067 2165 1099 2213 v.
1126 2151 1296 2241 1—267.),

200 2253 357 2346 Septem,
376 2251 500 2322 Persae.
549 2250 737 2323 Lectiones
754 2255 858 2325 editae
883 2254 928 2324 ab
953 2259 1087 2328 Zeunio
1109 2259 1146 2330 in
1171 2261 1296 2334 disser-

197 2370 333 2440 tatione
350 2367 551 2438 academica
568 2366 773 2463 Vitebergoe
790 2393 820 2439 a.
843 2375 936 2457 1780.

250 2505 300 2574 15.
326 2480 423 2576 chs.
440 2480 664 2551 bibliothecae
681 2484 873 2565 senatoriae,
890 2483 1097 2555 chartaceus
1113 2486 1223 2557 seculi
1244 2512 1293 2580 15.

197 2599 310 2667 sonna
326 2598 495 2687 quadrata
512 2593 604 2664 foliis
624 2601 695 2664 108.
731 2595 975 2680 Prometheus,
993 2598 1149 2692 Septem,
1167 2598 1292 2674 Persa.

199 2710 387 2781 Lectiones
403 2729 449 2776 ex
475 2707 612 2778 schedis
628 2707 779 2779 Askevii
797 2710 908 2781 edidit
925 2710 1103 2783 Butlerus.
1149 2713 1294 2788 Prome-

196 2825 283 2894 theo
306 2823 449 2915 prefixa
475 2830 558 2891 sunt
584 2822 669 2893 lolia
695 2832 776 2894 octo
803 2825 933 2896 codicis
963 2850 1034 2897 non
1060 2828 1175 2899 multo
1202 2833 1294 2901 anti·

196 2940 336 3031 quierit,
360 2936 564 3008 Promethei
590 2960 710 3009 versus
731 2947 802 3030 169.
828 2939 876 3020 τῖς
901 2935 954 3011 dia
978 2940 1292 3036 τλησικάρδιος-

195 3076 306 3145 usque
323 3054 367 3123 ad
384 3073 459 3144 379.
485 3046 505 3137 ἦ
530 3058 571 3147 τῷ
595 3050 653 3122 νεόν
678 3059 830 3144 κρατοῦντι
854 3063 1039 3148 παγκρατεῖς
1062 3052 1170 3149 dipem
1196 3081 1292 3129 com-

193 3168 308 3259 plexa.
1052 3169 1057 3176 ’

246 3290 295 3353 16.
318 3304 367 3372 17.
386 3281 492 3356 Cant.
513 3308 541 3352 1.
559 3291 597 3352 et
615 3279 716 3354 Cant.
735 3304 764 3352 a.
782 3281 827 3350 de
845 3282 972 3372 quibus
989 3281 1159 3354 Butlerus
1175 3284 1243 3356 vol.
1258 3293 1289 3356 8.

192 3423 226 3492 p.
238 3401 281 3468 vi.
300 3396 433 3471 “Cant
451 3424 478 3468 1.
497 3398 701 3469 chartaceus
718 3393 827 3465 seculi
849 3419 897 3485 13.
916 3394 973 3465 vel
993 3421 1043 3483 14.
1064 3397 1166 3468 bonae
1185 3407 1287 3483 notae,

191 3517 304 3583 forma
320 3513 499 3603 quadrata,
517 3514 577 3603 qui
603 3535 624 3581 e
648 3518 771 3580 monte
794 3508 895 3580 Atho
915 3511 962 3580 ab
979 3510 1056 3581 Ric.
1075 3511 1196 3595 Mead,
1214 3535 1288 3583 me-

190 3630 280 3707 dico,
311 3634 427 3696 emtus
454 3634 533 3718 post
555 3633 707 3693 mortem
731 3625 806 3714 ejus
839 3625 876 3692 in
905 3622 1066 3707 Askevii,
1093 3626 1220 3696 deinde
1249 3628 1286 3696 in

190 3741 393 3812 Academia
414 3738 710 3830 Cantabrigiensis
734 3736 986 3808 bibliothecam
1012 3747 1068 3809 est
1091 3738 1284 3819 traductus,

188 3859 249 3928 ubi
278 3878 371 3927 nunc
399 3862 543 3924 notatur
573 3851 645 3921 Nn.
672 3874 776 3941 3.17.
822 3852 992 3922 Continet
1020 3852 1284 3934 Prometheum,

189 3972 336 4063 Septem
361 3980 399 4040 et
425 3969 559 4039 Persas.
599 3965 700 4039 Cant.
720 3990 749 4037 2.
770 3967 975 4037 chartaceus
1000 3968 1159 4059 ejusdem
1186 3968 1285 4037 volu-

188 4087 302 4166 minis,
319 4086 427 4154 seculi
449 4111 499 4170 14.
514 4083 569 4152 vel
592 4103 641 4173 15.
665 4080 721 4150 Ex
738 4080 793 4152 his
808 4079 909 4154 Cant.
928 4107 954 4149 1.
972 4081 1046 4151 fere
1063 4083 1108 4152 ad
1125 4081 1283 4149 medium

187 4197 365 4290 tragoediae
387 4197 705 4287 Septcmthebanoe,
721 4193 821 4268 Cant.
838 4220 867 4265 a.
885 4195 930 4264 ad
950 4194 1058 4265 finem
1077 4193 1282 4263 Promethei

187 4310 582 4392 contuleratAskevius,
592 4311 659 4379 hoc
671 4310 880 4401 compendio
890 4306 1282 4394 ususM.(i.e.Meadia-

186 4427 266 4515 nus)
289 4451 314 4492 1.
335 4448 364 4495 2.
407 4423 484 4493 Nos
509 4431 699 4512 utrumque
716 4423 904 4516 diligenter
920 4421 1135 4493 contulimus
1153 4429 1190 4489 et
1208 4443 1279 4489 non
