2978 5062
250 330 314 395 124
606 328 985 394 ANNOTATIONES

247 494 281 560 in
304 493 483 559 Cithaerone
504 508 610 559 monte
631 494 791 581 expositus
811 510 867 559 est.
912 496 1007 558 Hanc
1024 493 1141 559 labulae
1163 507 1284 580 partem
1305 494 1346 557 si-

246 594 343 661 lentio
365 596 515 683 praeteriit
529 595 698 684 AEschylus
719 596 750 660 in
773 595 832 661 hac
847 595 1019 683 tragoedis3
1040 595 1255 660 adhibuerunt
1269 617 1345 658 vcro

248 696 439 785 Sophocles*
451 714 483 763 et
497 697 691 787 Euripidesl.

291 799 483 887 Expositum
510 799 581 864 Laii
603 800 752 864 infantem
778 800 891 887 Polybi
915 798 1150 864 Corinthiorum
1180 797 1263 882 regis
1285 797 1346 861 bu-

246 900 330 966 bulci
345 901 385 965 ad
401 901 576 967 Periboeam
600 901 682 967 illius
705 925 833 966 uxorem
854 902 1066 978 contulerunt,
1084 922 1158 986 quae
1179 914 1341 986 acceptum

245 1003 337 1068 abiis
358 1026 502 1091 puerum,
518 1019 555 1068 ut
574 1004 734 1091 proprium
759 1027 892 1090 puerum
908 1003 1063 1081 educavit,
1079 1001 1303 1090 OEdipumque
1324 1024 1343 1063 a

244 1103 362 1191 pedum
378 1120 501 1171 tumore
514 1105 684 1172 nominavit
695 1119 730 1170 ω.

289 1206 432 1272 Adultus
452 1207 570 1273 interea
591 1207 743 1294 OEdipus,
766 1208 808 1272 ob
824 1208 973 1272 invidiam
996 1208 1036 1271 ab
1051 1206 1235 1292 aequalibus,
1253 1203 1341 1290 quod

245 1308 371 1394 spurius
392 1324 483 1388 esset,
505 1309 652 1374 conviciis
672 1310 840 1387 lacessitus,
859 1331 958 1395 quum
980 1331 1000 1372 a
1022 1307 1180 1383 Periboea,
1191 1305 1269 1392 quid
1290 1329 1342 1370 ve-

244 1431 316 1473 rum
335 1427 427 1489 esset,
448 1435 632 1499 cognoscere
654 1434 714 1474 non
738 1427 852 1498 posset,
872 1411 1013 1495 Delphos
1036 1410 1194 1496 profectus
1219 1424 1277 1484 est,
1301 1407 1341 1470 de

244 1510 324 1577 veris
337 1514 518 1598 parentibus
531 1513 710 1600 Apollinem
733 1513 991 1599 interrogaturus.
1036 1514 1069 1575 A
1084 1534 1148 1598 quo
1166 1533 1205 1574 ne
1226 1512 1258 1573 in
1281 1533 1339 1597 pa-

244 1611 335 1676 triam
358 1613 482 1694 rediret,
497 1616 645 1693 monitus,
663 1615 749 1701 quod
771 1615 799 1679 ei
821 1614 914 1679 fatale
934 1628 1025 1691 esset,
1048 1631 1169 1700 patrem
1188 1611 1341 1689 occidere,

243 1729 361 1779 etcum
378 1730 476 1780 matre
489 1717 712 1792 concumbere3
736 1717 889 1804 OEdipus,
904 1715 988 1802 quod
1012 1739 1045 1780 se
1066 1715 1170 1793 abiis,
1185 1713 1240 1800 qui
1256 1713 1338 1778 dice-

243 1828 362 1895 rentur‚
391 1833 579 1905 pmgustum
610 1843 676 1885 esse
698 1802 851 1897 crederet,
877 1818 1065 1883 Corinthum
1090 1817 1191 1882 redire
1220 1816 1340 1895 noluit3

241 1939 407 2005 quumque
432 1942 489 2007 per
514 1920 685 1985 Phocidem
711 1921 888 1998 veheretur,
913 1934 1047 2006 angusta
1069 1918 1206 2006 quadam
1233 1919 1265 1982 in
1290 1919 1340 1981 vin

242 2018 335 2098 Laio,
350 2021 481 2107 ejusque
495 2023 639 2089 Praenoni
656 2023 865 2112 Polyphonte
879 2023 1032 2096 occurrit;
1056 2021 1107 2086 cui
1122 2042 1221 2107 quum
1238 2021 1334 2106 Poly·

240 2119 385 2207 phontes,
401 2138 437 2188 ut
458 2123 499 2189 de
521 2126 726 2206 decederet,
748 2126 939 2213 imperasset,
955 2123 1154 2189 altercatione
1175 2138 1255 2201 orta,
1270 2136 1338 2187 tan-

239 2221 312 2287 dem
329 2223 470 2311 OEdipus
492 2227 605 2291 Laium
628 2243 660 2292 et
678 2228 908 2316 Polyphontem
930 2225 1119 2292 interfecitss.
1167 2223 1339 2310 AEschylus

239 2323 301 2390 boc
314 2325 432 2392 lactum
447 2327 557 2393 leviter
571 2330 672 2417 tangit
686 2354 717 2397 v.
733 2347 806 2415 751.

284 2428 362 2493 Post
380 2452 481 2516 quum
505 2432 627 2518 Sphinx
650 2432 703 2498 illa
720 2432 804 2498 cives
823 2430 994 2497 Thebanos
1015 2429 1185 2508 infestaret,
1205 2450 1338 2515 eamque

240 2529 381 2617 OEdipus
405 2533 577 2601 sustulisset
585 2542 612 2613 ⁰,
633 2557 686 2599 rex
712 2533 938 2599 Thebanorum
963 2531 1149 2608 declaratus,
1174 2532 1336 2595 Jocastam

240 2653 370 2698 uxorem
385 2633 482 2698 ducit.
510 2635 707 2723 Pherecydes
719 2648 850 2700 autemr
864 2634 1022 2699 memoriae
1036 2632 1228 2720 prodiderat,
1242 2632 1337 2697 OEdi-

239 2755 317 2821 pum
342 2757 361 2799 e
386 2736 523 2801 Jocastae
546 2736 705 2803 connubio
729 2736 929 2802 Phrastorem
958 2748 990 2800 et
1016 2736 1211 2820 Laooytum,
1235 2735 1291 2820 qui
1318 2757 1338 2799 n

240 2836 362 2922 Minyis
376 2849 408 2902 et
422 2836 545 2923 Ergino
558 2838 650 2903 occisi
671 2839 753 2911 sint;
777 2852 885 2927 postea
900 2862 974 2904 vero
990 2862 1030 2904 ex
1046 2840 1248 2926 Eurygsneae
1261 2863 1336 2905 oon·

235 2937 328 3024 jugio
342 2939 537 3025 Antigonen,
554 2941 710 3020 Ismenen,
727 2941 887 3007 Eteoclem
906 2955 938 3006 et
953 2941 1133 3028 Polynioem
1157 2941 1337 3028 suscepisse.

240 3040 373 3105 Mortua
392 3040 528 3127 denique
551 3043 741 3129 Euryganea
756 3042 912 3129 OEdipum
927 3066 999 3107 cum
1015 3043 1230 3130 Astymedusa
1245 3043 1336 3108 Sthe·

238 3139 301 3221 neli
315 3140 379 3206 filia
392 3142 519 3227 nuptias
532 3142 728 3209 contraxisse.

282 3243 435 3332 OEdipus,
460 3259 624 3332 postquam
649 3245 782 3333 piaculo,
809 3245 953 3333 quamvis
976 3247 1018 3311 ab
1042 3245 1142 3311 inscio
1163 3260 1196 3311 et
1217 3246 1338 3333 impru-

238 3346 333 3413 dente
357 3346 416 3413 sibi
438 3361 598 3413 contracto
619 3363 819 3435 cognoverat,
844 3347 1016 3414 secundum
1041 3347 1242 3436 AEschylum‚
1264 3348 1337 3412 liliis

237 3470 371 3535 regnum
402 3448 620 3517 invadentibus
649 3451 772 3516 Thebis
799 3451 951 3538 profugit,
980 3465 1077 3538 atque
1105 3464 1275 3537 antequam
1303 3451 1335 3515 in

238 3550 332 3626 exilio
346 3567 529 3630 moreretur,
543 3574 597 3618 eos
606 3551 682 3617 diris
696 3551 839 3631 devovet,
852 3567 950 3639 utque
964 3552 1048 3617 ferro
1061 3552 1102 3616 de
1118 3574 1217 3639 regno
1229 3552 1337 3617 decer*

238 3664 351 3731 tarent,
373 3668 528 3739 precatur.
573 3653 615 3717 Id
636 3675 708 3719 eum
726 3654 899 3741 AEschylus
919 3667 1086 3742 propterea
1105 3654 1213 3718 fecisse
1232 3655 1335 3741 fingit,

237 3744 324 3842 quod
350 3754 421 3819 filiis
440 3755 483 3819 ob
504 3753 631 3821 nimiam
655 3756 805 3841 regnandi
827 3756 989 3821 libidinem
1010 3756 1231 3822 succensuerit.
1275 3759 1336 3821 So·

238 3855 364 3943 phocles
377 3879 453 3920 vero
467 3855 498 3920 in
514 3856 637 3944 OEdipo
652 3857 811 3922 Coloneo‘t
826 3857 907 3924 haue
920 3881 1044 3924 causam
1060 3858 1163 3937 affert,
1178 3859 1265 3945 quod
1281 3861 1335 3924 filii

237 3972 358 4044 patrem
374 3957 476 4045 petris
489 3958 613 4046 pulsum
630 3981 687 4024 uec
701 3958 895 4039 retinuerint,
911 3984 968 4026 nec
981 3961 1189 4041 defenderint,
1199 3985 1337 4050 eumque

270 4171 286 4211 k
299 4170 329 4218 ln
341 4171 423 4234 OEdr’p.
438 4171 498 4236 Tyr.
506 4188 532 4222 v.
541 4183 602 4235 1135
611 4189 662 4238 sqq.
738 4177 747 4215 t
760 4175 881 4226 Phoeaiaa
894 4191 916 4224 r.
929 4189 968 4236 a4.
1043 4187 1066 4217 m
1078 4178 1165 4241 Eur-ip.
1179 4177 1337 4228 olorensis.

237 4249 378 4315 Apollodor.
389 4252 415 4301 ll.
425 4252 452 4301 ll.
537 4264 554 4295 n
564 4255 604 4304 Sin
614 4255 785 4318 Apollodoma.
796 4266 821 4306 st
831 4257 967 4321 Eraripidoe,
979 4258 1062 4320 pande
1072 4259 1143 4309 aliter
1153 4259 1298 4322 informetis,
1309 4261 1335 4308 ll.

238 4348 272 4386 ω·
289 4331 416 4385 &mouth
426 4335 500 4383 etiam
511 4335 641 4385 Diodonrs.
672 4377 674 4382 .
701 4347 716 4378 ⁰
728 4338 846 4387 Fabulam
857 4338 923 4388 illam
931 4341 962 4389 ds
972 4340 1088 4405 Sphingis
1097 4343 1226 4406 aenigmate
1234 4342 1336 4406 AEsohy·

237 4414 277 4467 lna
287 4415 410 4478 prendit,
421 4425 567 4480 tantumque
576 4432 630 4466 eam
641 4416 830 4481 ἄναρτιεωριν
840 4421 870 4470 sb
881 4421 971 4485 OEdipo
986 4422 1106 4474 mbhum
1118 4438 1169 4474 assa
1184 4425 1335 4474 memorarit

238 4507 253 4547 n
265 4495 338 4546 Teste
348 4493 420 4545 schot
433 4498 464 4547 ad
476 4498 560 4561 Eurip.
573 4497 692 4548 Phoeniss.
704 4514 728 4547 r·
738 4513 778 4562 53.
845 4513 894 4552 ar.
907 4516 1025 4568 417.·qq.
