2978 5062
247 329 312 391 112
610 320 989 388 ANNOTATIONES

249 494 346 573 δδηλα
360 495 472 576 χρόνον
488 494 536 557 καὶ
550 496 587 556 τδ
606 492 742 575 φανέντα
760 492 929 555 καλύπτειν.
954 486 1044 550 Idem
1067 508 1101 571 p.
1118 502 1156 570 23
1159 500 1189 570 5.
1212 484 1231 563 ἦ
1254 483 1362 566 σοφὸς-

250 595 287 674 ἤν
302 596 347 677 ἄρ’
364 598 485 668 ἐκεῖνος,
501 594 535 660 δς
548 599 661 674 πρῶτος
675 594 709 656 ἐν
723 619 752 674 γ.
769 618 797 655 τ.
813 592 837 655 ἐ.
855 618 880 654 κ.
897 616 927 671 γ.
943 594 969 652 δ.
993 587 1167 650 BLOMF.

294 696 328 765 δς
358 695 520 760 Monkius.
567 694 750 779 Legebatur
772 692 811 771 ἦν
834 691 876 758 δς.
921 689 977 753 Ab
1006 688 1114 752 iisdem
1140 687 1200 751 hoc
1225 707 1350 750 carmen

251 798 389 863 numeris
413 797 520 884 incipit
546 796 662 883 quibus
690 793 722 857 in
751 793 840 857 initio
868 789 1035 878 superioris
1059 788 1170 854 cantici
1200 811 1276 852 usus
1303 802 1352 850 est

251 917 343 987 poeta
360 924 388 965 v.
403 902 477 985 526.

377 1000 483 1082 μηδάμ’
500 1003 517 1064 ό
532 999 630 1063 πάντα
645 998 742 1078 νέμων

381 1101 452 1167 θεῖτ’
470 1105 526 1184 ἐμᾷ
543 1101 644 1184 γνώμᾳ
659 1099 764 1180 κρότος
778 1100 944 1162 δντίπαλαν
960 1098 1046 1161 Ζεύς.

295 1204 369 1267 888.
388 1205 423 1268 ἐν
441 1204 545 1287 γνώμᾳ
562 1225 626 1265 om.
641 1201 738 1265 codex
757 1199 964 1264 Farnesiauus
983 1222 1021 1261 ex
1042 1197 1222 1283 conjectura
1236 1194 1351 1259 Tricli-

252 1306 305 1382 nii,
322 1306 414 1391 cujus
428 1305 496 1369 baeo
517 1318 564 1368 est
580 1302 751 1379 annotatio,
767 1301 914 1383 περισσὸν
928 1300 965 1380 ἦν
983 1302 1111 1363 ἐνταῦθα
1130 1299 1164 1362 τδ
1185 1301 1219 1362 ἐν
1237 1299 1350 1381 γνώμᾳ·

252 1407 297 1471 διδ
320 1405 468 1487 ἐξεβλήθη
489 1405 556 1486 παρ’
576 1407 656 1484 ἐμοῦ.
679 1405 783 1483 ὅμοιον
804 1406 863 1485 γδρ
883 1403 941 1484 χρὴ
964 1400 1096 1465 εἶναιτὸ
1119 1406 1216 1464 κῶλον
1237 1401 1278 1483 τῷ
1300 1402 1351 1477 τῆς

251 1508 461 1588 ἀντιστρόφου.
508 1506 571 1584 Qui
607 1527 670 1568 non
707 1503 968 1569 animadverterat
996 1524 1104 1565 versus
1136 1499 1350 1587 antistrophici

252 1608 406 1673 lacunam.

295 1711 581 1795 γνώμᾳ-γλώσσᾳ]
596 1710 867 1794 γνώμη-γλώσσῃ
882 1708 959 1771 Ald.
976 1707 1059 1772 Rob.

297 1812 369 1895 890.
386 1815 517 1892 κηδεύειν
531 1812 680 1876 Eustatb.
696 1811 737 1875 ad
750 1810 789 1874 ῙΙ.
807 1816 848 1889 Θ,
865 1833 898 1897 p.
916 1825 988 1892 717,
1004 1833 1036 1890 4.
1059 1808 1098 1874 Il.
1115 1817 1141 1887 l,
1157 1833 1188 1897 p.
1205 1826 1222 1891 7
1225 1810 1278 1893 58,
1296 1809 1350 1892 63.

252 1914 299 1978 ot
319 1919 432 1995 πρῶτος
446 1916 599 1996 Αἰσχύλος
620 1913 713 1987 εἶπεν,
731 1915 770 1980 ὦς
791 1914 825 1977 τδ
843 1914 975 1991 κηδεύειν
994 1911 1057 1976 καθ’
1075 1912 1181 1975 ἑαυτὸν
1203 1912 1351 1993 ἀριστεύει

251 2019 363 2100 μακρῷ,
379 2015 533 2080 τουτέστιν
547 2017 669 2097 ἄριστόν
684 2018 767 2080 ἐστιν
782 2016 896 2099 ἐκόστᾳι
917 2015 1062 2100 circuiris>
1080 2016 1209 2078 ἐοικυῖαν
1226 2012 1349 2092 λαμβά-

253 2140 326 2190 νειν,
346 2117 394 2180 καὶ
414 2117 454 2196 μὴ
476 2123 535 2180 τῶν
554 2118 749 2198 ὑπερκόμπων
766 2114 870 2197 γόμων
885 2118 967 2195 ἐρᾶν,
983 2115 1065 2176 δλλδ
1086 2119 1200 2194 πρῶτος
1216 2110 1351 2194 Ὅμηρος

253 2218 301 2281 καὶ
324 2217 394 2281 αὐτὸ
417 2219 451 2281 ἐν
472 2224 533 2284 τοῖς
554 2222 628 2282 κατὰ
650 2219 703 2282 τδν
720 2216 869 2300 Ἀχιλλέα
889 2217 1012 2294 ἐδίδαξε.
1035 2214 1167 2279 Homeri
1182 2238 1291 2278 versus
1304 2229 1351 2278 est

253 2316 383 2397 Γήμαντι
403 2317 538 2397 μνηστὴν
558 2320 683 2401 ἄλοχον,
704 2322 834 2380 θεικυῖαν
854 2318 975 2380 ἄκοιτιν.
992 2313 1121 2378 Pindar.
1138 2313 1236 2400 Pytb.
1253 2332 1283 2390 2,
1298 2315 1349 2397 65.

252 2442 272 2481 a
294 2417 389 2481 schol.
411 2417 579 2498 laudatus3
602 2419 668 2501 Χρὴ
691 2421 723 2482 δέ
746 2417 808 2483 καθ
828 2419 919 2482 αὑτὸν
934 2418 992 2481 αἰεὶ
1013 2416 1125 2484 παντὸς
1146 2418 1219 2497 ὁρᾶν
1232 2414 1350 2496 μέτρον.

253 2519 337 2584 εύναὶ
366 2521 399 2583 δέ
423 2520 607 2601 παράτροποι
630 2522 661 2586 ἐς
690 2518 823 2583 κακότατ’
848 2522 961 2601 ἁθρόαν
990 2520 1115 2598 ἔβαλον.
1160 2515 1349 2603 AEscbylum

250 2621 402 2708 respicere
425 2621 468 2683 ait
491 2619 655 2684 scholiasta
669 2621 781 2685 Pittaci
797 2621 926 2699 dictum,
942 2621 1009 2707 qui,
1024 2643 1123 2706 quum
1147 2643 1184 2683 ex
1205 2642 1243 2682 eo
1262 2642 1350 2704 quae-

251 2736 334 2787 reret
347 2721 476 2808 quidam
492 2738 594 2785 utram
610 2722 748 2799 duceret,
766 2746 894 2787 uxorem
910 2724 988 2787 bene
1007 2724 1158 2803 dotatam,
1172 2745 1211 2786 an
1233 2744 1351 2808 paupe·

252 2846 318 2887 rem
334 2837 365 2886 et
380 2822 438 2887 sibi
453 2845 571 2910 parem,
586 2822 627 2886 ad
642 2847 757 2911 pueros
770 2847 841 2889 eum
857 2825 983 2904 dimisit,
995 2825 1049 2912 qui
1068 2824 1208 2889 turbines
1221 2823 1352 2911 flagellis

252 2924 414 3011 agitabant
435 2939 467 2987 et
488 2922 539 2988 alii
561 2922 628 2987 aliis
649 2925 805 3002 dicebant,
828 2928 882 3005 τὴν
904 2931 977 2992 κατὰ
999 2928 1111 2992 σαυτόν
1135 2927 1201 2991 ἔλα.
1246 2925 1351 3012 Atqui

253 3026 334 3091 hanc
349 3025 543 3103 senteutiam,
559 3049 631 3111 quoe
646 3050 665 3090 a
682 3027 777 3091 schol.
794 3031 836 3092 A.
852 3045 884 3093 ct
905 3053 924 3093 a
939 3029 1132 3093 Callimacho
1152 3029 1185 3091 in
1206 3027 1352 3115 pulcher-

254 3127 333 3192 rimo
347 3127 570 3213 epigrammate
584 3128 668 3215 apud
686 3130 731 3192 D.
748 3131 854 3195 [adrt.
868 3152 897 3209 1,
915 3148 966 3216 79.
984 3132 1107 3196 Pittaco
1125 3131 1284 3209 tribuitur,
1299 3131 1351 3195 alii

253 3229 321 3294 aliis
343 3229 518 3316 adsignant.
542 3229 649 3293 Photii
668 3232 748 3295 Lex.
768 3233 833 3310 Τὴν
847 3237 921 3298 κατδ
936 3236 1049 3299 σαυτδν
1063 3236 1128 3298 ἐλο·
1151 3238 1237 3298 τοῦτο
1252 3237 1281 3297 οῖ
1294 3235 1351 3315 μέν

254 3333 386 3398 Πυθικὸν
403 3332 483 3397 εἶναί
501 3341 598 3414 φασιν
617 3335 804 3417 ἀπόφθεγμα·
828 3338 858 3399 οδ
879 3338 912 3399 δέ
934 3338 1081 3403 Σόλωνος·
1105 3337 1178 3400 ἔνιοι
1200 3337 1232 3399 δέ
1255 3336 1352 3400 αὐτῶν

254 3437 394 3499 Χείλωνα
416 3438 510 3500 εἰπεῖν
531 3436 800 3522 συμβουλευομένῳ
823 3439 889 3510 τινὶ,
906 3439 933 3500 εἰ
954 3439 1100 3501 πλούσιον
1123 3439 1221 3500 έλοιτο
1243 3437 1350 3518 γόμον.

255 3536 368 3600 Suidas
383 3559 441 3622 pro
456 3537 599 3611 Πυθικὸν,
615 3537 764 3602 Πιττόκου
779 3538 904 3611 scribit;
928 3539 1094 3626 legendum
1111 3554 1262 3626 praeterea
1276 3540 1351 3605 ἔνιοι

254 3640 287 3700 δὲ
309 3638 389 3701 αὐτό.
435 3635 643 3699 Proverbium
665 3637 729 3700 sine
751 3639 875 3702 nomine
894 3640 968 3703 citat
989 3639 1150 3704 Plutarch.
1166 3640 1206 3703 de
1221 3640 1350 3728 Poedag.

253 3761 287 3824 p.
306 3758 355 3823 23.
402 3736 508 3801 Soloni
529 3736 639 3800 tribuit
653 3739 824 3803 Ausonius.
841 3740 966 3804 Chilon.
987 3765 1038 3826 ap.
1056 3742 1145 3806 Stob.
1160 3743 1212 3805 68.
1228 3765 1259 3828 p.
1275 3763 1350 3827 394.

253 3839 366 3921 γάμους
388 3839 519 3903 εὐτελεῖς
541 3838 589 3900 καὶ
611 3839 760 3917 ἰσοτίμους
784 3848 892 3904 ποιεῖν.
937 3843 1120 3906 Notandum
1141 3858 1198 3919 est,
1222 3858 1352 3923 veteres,

254 3962 353 4024 quoru
373 3938 574 4026 proverbium
594 3938 701 4003 incerti
724 3942 859 4006 auctoris
882 3942 1019 4021 iaudent,
1035 3944 1138 4008 dicere
1159 3943 1256 4008 solere
1279 3950 1354 4010 κοτδ

255 4041 322 4106 τοὺς
336 4042 460 4124 σοφοὺς,
476 4040 525 4103 vel
544 4042 582 4107 ὡς
601 4041 744 4122 λέγουσιν
758 4047 787 4105 οῖ
809 4046 911 4126 σοφοί,
930 4044 1017 4131 quod
1040 4068 1122 4131 saepe
1143 4045 1229 4130 apud
1245 4046 1352 4110 Plato·

255 4161 325 4202 nem
348 4141 495 4205 invenias.
518 4143 716 4223 Theocr.14,
734 4161 784 4208 22.
809 4144 911 4224 ἐπαιξέ
931 4171 984 4221 τις,
1008 4149 1047 4213 ὣς
1069 4147 1165 4228 σοφὸς
1187 4147 1280 4220 εἶπεν,
1298 4149 1353 4211 ubi

255 4239 410 4305 videndus
431 4243 558 4305 omuino
580 4244 622 4305 D.
644 4244 795 4307 Heinsius
816 4267 849 4330 p.
868 4248 942 4329 364.
969 4247 1097 4310 Pindar.
1115 4269 1165 4333 ap.
1190 4247 1352 4315 Plutarch.

257 4341 382 4405 consol.
397 4341 438 4405 ad
453 4341 563 4428 Apoll.
576 4367 608 4430 p.
623 4362 696 4420 292.
718 4347 815 4426 Σοφοὶ
829 4349 862 4409 δέ
877 4348 925 4410 καὶ
939 4348 973 4411 τδ
987 4351 1079 4428 μηδὲν
1094 4350 1173 4429 δγαν
1186 4349 1257 4416 ἔπος
1272 4354 1354 4428 aivn-
