2978 5062
337 353 406 416 AD
430 352 620 418 SEPTEM
644 353 892 418 ADVERSUS
916 354 1118 418 THEBAS.
1215 354 1279 422 195

224 518 299 600 619.
323 525 411 600 φιλεῖ
430 521 463 583 δὲ
485 523 576 601 σιγιῖν
596 517 614 598 ἢ
635 519 740 601 λέγειν
761 523 798 583 τὰ
819 520 929 603 καίρια]
947 519 1030 584 Vide
1045 520 1188 605 Choeph.
1202 522 1277 606 580.

177 619 316 684 Eumen.
334 635 406 703 277.
421 619 543 685 Julian.
559 623 641 685 (ἔας.
654 643 687 707 p.
703 621 767 706 328
784 621 826 684 D.
850 622 1044 686 PORSON.
1089 620 1186 684 Adde
1201 623 1280 686 Pro-

179 720 275 785 meth.
292 720 388 808 Ignis.
404 721 490 807 apud
505 724 550 786 A.
567 721 649 788 Gell.
663 741 712 807 13,
728 722 777 786 18.
793 727 892 803 Σιγῶν
906 721 932 785 θ’
948 724 1023 787 ὅπου
1038 727 1092 797 δεῖ,
1109 724 1157 787 καὶ
1176 724 1278 805 λέγων

179 825 216 887 τὰ
232 825 339 904 καίρια.
355 824 470 910 Eurip.
486 824 562 889 ibid.
579 830 674 906 Σιγᾶν
688 823 714 888 θ’
731 826 806 888 ὅπου
820 828 875 897 δεῖ,
893 825 941 887 καὶ
954 824 1060 905 λέγειν
1073 823 1110 888 ἵν’
1127 825 1277 906 ἀσφαλές.

180 924 232 987 Cf.
258 924 448 989 Valckenoer.
470 926 606 990 Diatrib.
629 926 660 989 in
684 926 798 1012 Eurip.
823 927 951 1011 Fragm.
974 949 1006 1012 p.
1033 942 1102 1009 175.
1127 925 1278 991 Gataker.

180 1027 316 1090 A.M.P.
332 1047 381 1091 10.
398 1051 429 1113 p.
445 1029 518 1111 508.
543 1028 716 1092 BLOMF.

223 1130 295 1192 621.
311 1128 517 1212 ἀντιτάξομεν]
533 1128 722 1208 ἀντιτάξομαι
736 1129 820 1192 Rob.

222 1232 295 1296 622.
319 1231 416 1316 φέρει]
432 1233 523 1312 φύσει
538 1232 587 1294 Μ.
605 1231 830 1316 (superscripto
848 1228 890 1293 ub
912 1228 973 1292 alia
987 1251 1081 1293 manu
1096 1229 1198 1311 φέρει)
1213 1228 1280 1294 alii-

179 1354 241 1417 que
255 1331 397 1396 nonnulli
412 1354 484 1395 cum
502 1331 584 1395 Rob.
600 1355 673 1417 quae
687 1331 842 1418 scriptura
854 1330 947 1395 etiam
963 1331 996 1395 in
1011 1332 1097 1394 A.B.
1116 1347 1163 1395 est
1182 1354 1279 1395 anno-

180 1447 253 1497 tata.
269 1432 373 1515 τρέφει
388 1432 567 1496 Bruncltius
581 1433 714 1519 conjecit
727 1455 789 1497 non
805 1434 895 1497 male.

223 1535 296 1613 624.
318 1532 386 1615 παρ’
403 1531 542 1617 ἀσπίδος]
560 1536 588 1598 Α
603 1536 717 1621 clypeo.
734 1534 753 1598 i.
770 1558 797 1599 e.
812 1556 833 1597 a
847 1534 932 1597 laeua
946 1554 1052 1596 mortu.
1099 1532 1278 1599 Brunckiua

179 1634 412 1721 interpretatur,
427 1642 449 1673 “
464 1635 586 1699 uadum
599 1657 701 1700 ensem
716 1639 862 1722 arripere
876 1658 897 1699 a
911 1637 1045 1699 sinistro
1058 1634 1166 1700 tatere.
1202 1635 1278 1724 Cly·

179 1761 258 1824 peus
292 1737 371 1803 laeva
399 1760 494 1803 manu
524 1740 734 1825 gestabatur.”
779 1738 856 1818 Ubi,
882 1755 918 1802 ut
946 1737 1035 1816 solet,
1059 1752 1164 1804 actum
1192 1740 1276 1826 agit:

178 1840 259 1905 hanc
280 1841 361 1904 enirn
385 1840 669 1927 interpretationem
692 1841 815 1906 dudunt
837 1840 1028 1905 indicaverat
1049 1841 1128 1905 VJ).
1151 1842 1181 1904 in
1202 1844 1276 1906 Act.

179 1943 307 2007 Erudit.
321 1965 372 2006 an.
387 1960 480 2026 1750.
496 1966 528 2028 p.
542 1963 596 2027 31.
612 1943 667 2029 qui
682 1959 784 2007 tumen
807 1943 920 2007 rectius
938 1945 1008 2023 δόρυ
1029 1943 1120 2006 vertit
1141 1944 1275 2021 ltaatant,

180 2066 308 2108 monens
322 2059 452 2120 veteres,
469 2044 544 2107 durn
561 2044 592 2107 in
613 2044 706 2107 annis
728 2061 855 2118 starent,
875 2043 1019 2107 manibus
1040 2043 1179 2106 nondum
1203 2067 1275 2109 cou-

179 2146 278 2223 scrtis,
290 2146 408 2210 hastam
424 2145 456 2207 in
473 2145 595 2208 sinistra
609 2145 669 2208 sub
684 2160 775 2211 scuto
790 2146 932 2210 tenuisse.
950 2143 1114 2229 Aristoplr.
1125 2146 1190 2209 Ar.
1202 2166 1275 2230 390.

179 2251 239 2312 Καὶ
259 2248 294 2311 τό
316 2249 385 2328 δόρυ
406 2249 474 2330 χρὴ,
498 2248 550 2310 τὸν
572 2248 745 2325 ὀβελίσκον,
763 2252 944 2327 Περιπατεῖν
966 2248 1092 2328 ἔχοντας
1113 2248 1187 2326 ἡμᾶς
1208 2253 1277 2312 Τῶν

179 2351 281 2412 ὅπλων
296 2351 389 2421 ἐντὸς,
405 2347 472 2428 παρ’
489 2348 581 2426 αὐτὴν
594 2349 659 2424 Τὴν
672 2351 792 2430 χθτραν.
817 2349 994 2412 BLOMF.

222 2453 296 2514 626.
320 2452 446 2516 δικαίους
467 2453 552 2515 λιτὰς
573 2473 610 2512 ex
634 2449 742 2534 paucis
763 2449 862 2535 iisque
884 2472 945 2513 non
970 2449 1095 2535 optimis
1116 2449 1276 2515 codicibus

179 2551 296 2615 editum
312 2575 370 2637 pro
385 2549 515 2635 vulgato
529 2553 642 2617 δικαίας
656 2553 752 2626 λιτὰς,
769 2551 855 2636 quod
871 2550 1090 2615 revocandum.

222 2654 333 2719 δικαίας
347 2655 431 2718 λιτὰς
441 2651 595 2735 ἡμετέρας]
607 2652 734 2717 δικαίους
743 2655 853 2734 λόγους
862 2653 1020 2732 ἡμετέρους
1031 2653 1275 2738 superscriptum

177 2753 217 2816 ab
238 2753 298 2816 alia
319 2775 414 2816 manu
438 2752 530 2816 babet
555 2754 605 2817 M.
627 2752 799 2838 eademque
823 2753 913 2818 lectio
935 2754 966 2817 in
993 2752 1062 2816 aliis
1087 2753 1275 2839 quibusdam

178 2854 337 2918 codicibus
352 2853 401 2916 vel
416 2868 564 2917 annotata
578 2853 625 2917 vel
641 2854 672 2916 in
689 2854 757 2941 ipso
772 2869 860 2919 textu
877 2856 978 2941 posita
992 2871 1048 2920 est.

221 2958 333 3022 δικαίας
353 2959 438 3022 λιτὰς
459 2955 602 3036 ἡμετέρας
624 2955 746 3040 τελεῖθ’]
768 2960 895 3024 δικαίους
917 2962 1025 3040 λόγους
1045 2968 1050 3045 Ι
1070 2958 1156 3039 ἐμοῖς
1178 2959 1211 3022 εὖ
1231 2983 1276 3022 τε-

177 3065 258 3122 λεῖτε
274 3056 359 3120 Rob.

221 3158 344 3243 τελεῖθ’]
362 3156 472 3221 τελοῖθ
489 3161 547 3221 Ar.

221 3264 293 3337 627.
311 3263 349 3327 ὡς
361 3262 449 3325 πόλις
464 3259 584 3345 εὐτυχῇ]
600 3263 690 3324 πόλιν
705 3263 841 3344 εὐτυχεῖν
857 3262 942 3324 Rob.

220 3361 294 3424 628.
312 3359 465 3444 δορίπονα]
481 3363 630 3441 δορθπονα
643 3361 763 3446 aliquot
778 3359 871 3424 codd.

220 3468 252 3532 ἐς
279 3471 334 3546 γᾶς
364 3466 577 3528 Herurannus.
609 3469 665 3546 γᾶς
693 3463 766 3545 πρὸς
795 3461 908 3547 vulgo:
941 3461 996 3525 sed
1024 3462 1097 3543 πρὸς
1125 3463 1275 3526 omittunt

177 3567 315 3629 A.c.M.
331 3564 456 3650 aliique.
501 3565 610 3629 Habet
624 3566 663 3637 B,
680 3563 734 3628 sed
754 3562 911 3648 adscripto
932 3563 964 3627 iu
988 3561 1127 3649 margine
1148 3590 1197 3645 γρ.
1219 3569 1274 3645 γᾶς

178 3669 336 3746 ἐπιμόλους
349 3668 438 3749 χωρὶς
452 3672 504 3746 τῆς
517 3669 599 3746 πρός.
622 3672 678 3748 ybs
692 3664 776 3729 τῶνδ’
794 3665 875 3727 llob.

221 3778 294 3858 629.
311 3777 432 3856 πύργων
444 3774 482 3860 δ’]
497 3764 599 3856 πόργῷ
615 3774 638 3838 δ’
657 3777 708 3838 Μ.

221 3875 244 3939 δ’
260 3899 322 3938 om.
339 3877 468 3939 Barooc.
485 3892 515 3940 et
531 3875 608 3939 Atd.

219 3977 351 4061 ἔκτοθεν]
368 3978 511 4041 ἔκτοσθεν
524 3975 645 4061 aliquot
658 3976 752 4039 codd.
768 3992 800 4040 et
815 3976 891 4040 Ald.
909 3977 992 4040 Rob.
1009 3978 1113 4040 Turn.

219 4080 292 4162 630.
316 4077 411 4162 κάνοι]
435 4079 529 4141 καίνοι
552 4079 603 4139 Μ.
627 4082 711 4140 κονοῖ
731 4076 814 4140 Rob.
837 4093 869 4140 et
889 4098 952 4139 var.
974 4077 1065 4141 lectio
1084 4077 1115 4140 in
1131 4078 1170 4140 Β.
1194 4082 1277 4142 κονεῖ

175 4178 240 4242 duo
254 4177 315 4241 alii.

218 4282 293 4364 633.
308 4281 372 4345 οἵας
386 4278 526 4365 quinque
540 4277 661 4342 wdices
674 4294 706 4341 et
721 4279 824 4342 Turn.
840 4276 949 4364 plures
962 4280 1027 4344 olor
1040 4277 1079 4360 γ’,
1095 4294 1157 4344 tres
1171 4282 1219 4344 οῖό
1232 4279 1273 4363 γ’,

175 4381 206 4443 in
222 4380 301 4445 Ald.
315 4382 375 4444 ola.

678 4501 696 4541 u
713 4480 734 4541 b
751 4497 769 4544 2
