2978 5062
445 113 513 176 An
537 112 728 177 SEPTEM
753 111 1001 176 ADVERSUS
1025 112 1229 175 THEBAS.
1326 111 1391 178 187

332 281 385 344 80.
406 282 501 350 πολὺς
521 285 573 347 ὅδε
592 281 712 366 aliquot
728 281 820 346 codd.
843 297 874 346 et
896 280 979 346 Rob.
1017 280 1083 345 Alii
1104 284 1199 348 πολὺς
1216 284 1282 356 ὧδε,
1301 282 1387 369 quod

286 381 380 447 estin
395 383 481 447 ΑΒ.
519 384 625 470 Vulgo
638 386 733 451 πολὺς
748 383 771 448 δ’
788 385 856 447 tte.

330 484 419 569 λεὺς]
433 485 509 553 λαδς
522 485 588 550 duo
601 485 692 550 codd.

331 587 383 650 81.
398 585 532 672 φανεῖσ’]
551 593 686 668 φανεῖσα
700 586 778 652 Ald.
796 590 899 651 Turn.

330 688 382 754 82.
398 689 512 774 σαφὴς]
528 689 629 772 σαφὴς
643 686 667 751 δ’
683 689 748 753 duo
762 689 892 753 codices.

331 789 471 875 83—84
494 793 658 870 έλεδεμνδς
674 791 733 873 (sic
748 792 852 854 Turn.
868 805 900 855 et
913 791 1034 856 codices
1055 806 1171 879 praeter
1185 795 1223 870 C,
1239 793 1295 879 qui
1318 795 1389 858 lno-

286 891 411 972 δίμνας.
434 895 597 972 έλεδεμνδς
618 893 696 957 Ald.
720 895 876 974 έλῖδεμνδς
898 893 997 978 Rob.)
1020 896 1274 961 πεδιοπλόκηνπός
1296 892 1320 957 τ’
1340 895 1387 975 έγ·

287 995 463 1078 χρίμπτεται
476 998 548 1073 βοὰ,
569 994 705 1079 ποτᾶται]
729 994 780 1059 Sic
804 996 963 1058 Porsonus
985 996 1053 1060 baec
1075 996 1187 1082 scripta
1203 993 1303 1060 edidit
1318 997 1387 1060 Ste-

286 1095 384 1183 phani
399 1096 566 1162 editionem
582 1112 717 1161 secutus.
755 1099 866 1183 Atque
884 1097 916 1161 in
937 1113 1112 1162 monstroso
1125 1096 1278 1162 vocabulo
1291 1103 1388 1162 πεδιο-

288 1202 457 1267 salmoe
477 1199 548 1264 libri
563 1199 618 1286 qui
641 1199 745 1264 adhuc
763 1199 968 1264 innotuerunt
981 1223 1089 1265 omnes
1103 1200 1312 1278 consentiunt,
1327 1199 1390 1266 dis·

287 1301 427 1368 sentiunt
441 1325 516 1367 vero
529 1301 560 1366 in
577 1302 678 1366 verbis
699 1304 849 1389 proximis
870 1303 894 1367 r’
911 1306 1122 1387 έγχρίμπτεται
1135 1303 1206 1382 βοά,
1222 1326 1295 1389 quae
1318 1305 1387 1368 Ste-

287 1402 412 1490 phanus
425 1405 531 1492 posuit
545 1404 655 1470 leviter
668 1420 790 1470 mutata
804 1405 978 1471 Robortelli
995 1406 1150 1493 scriptura
1169 1405 1193 1469 r'
1210 1408 1387 1490 έγχρίμπτε-

287 1533 338 1572 ται
351 1511 422 1592 βαΐα
444 1531 479 1572 τε
499 1509 675 1591 χρίμπτεται
688 1510 750 1592 βοᾷ
774 1508 850 1573 Ald.
868 1511 971 1573 Turn.
994 1532 1066 1573 cum
1089 1509 1197 1597 paucis
1218 1508 1387 1585 codicibus,

287 1631 423 1695 quorum
437 1609 470 1673 in
485 1608 611 1674 duobus
624 1613 687 1689 βοδ
700 1609 825 1697 legitur.
848 1636 882 1675 τε
895 1614 1050 1695 χρίπτεται
1063 1611 1126 1690 βοί
1140 1613 1181 1674 Ε.
1209 1611 1322 1675 Plures
1336 1612 1389 1675 drl

287 1710 335 1775 vel
364 1737 398 1776 τε
422 1712 475 1776 ὀπὶ
502 1713 778 1812 χρίμπτεταιΙβοά,
804 1713 1013 1800 superscripto
1035 1715 1067 1777 in
1091 1715 1216 1777 A.B.C.
1242 1714 1307 1779 ὠσί.
1348 1716 1387 1778 Iu

288 1814 338 1878 M.
368 1838 397 1878 τι
424 1817 600 1898 χρίμπτεται
633 1817 708 1896 βοᾷ,
746 1831 874 1879 accentu
906 1815 1054 1901 postremi
1086 1814 1229 1878 vocabuli
1258 1814 1300 1879 ab
1328 1814 1388 1880 alia

287 1937 382 1980 manu
405 1917 625 2004 superscripto,
643 1933 674 1980 et
694 1916 725 1980 in
745 1916 885 2002 margine
904 1917 1016 1980 iterum
1037 1917 1078 1980 ab
1098 1915 1160 1980 alia
1182 1938 1289 1994 manu,
1310 1918 1388 1985 τινές

287 2016 344 2082 dot
357 2020 532 2102 χρίμπτεται
545 2018 617 2098 βοά.
664 2018 784 2082 Eadem
802 2017 893 2082 lectio
906 2045 935 2082 τι
950 2021 1128 2102 χρίμπτεται
1142 2018 1205 2099 βοά
1219 2018 1250 2082 in
1267 2020 1308 2084 Β.
1325 2019 1387 2107 sig·

287 2119 432 2184 nifimtur
451 2120 609 2205 adscripto
619 2121 659 2184 ad
675 2146 708 2185 τε
723 2119 907 2208 particulam
929 2147 976 2202 γρ.
998 2119 1035 2183 τί.
1075 2119 1200 2184 Scholia
1221 2119 1251 2182 in
1276 2122 1326 2184 M.
1345 2122 1386 2185 ad

196 2251 199 2265 ·
287 2222 344 2288 hos
370 2247 476 2289 versus
498 2225 564 2289 duo
593 2238 714 2289 tanturn
746 2224 906 2310 leguntur,
930 2222 1062 2286 alterum
1088 2246 1108 2286 a
1135 2243 1229 2284 manu
1258 2222 1388 2309 antiqua

285 2326 448 2419 scriptum,
461 2328 509 2391 καὶ
522 2329 559 2390 τὸ
573 2331 624 2405 τῆς
637 2330 692 2408 γῆς
709 2325 742 2390 δέ
761 2352 817 2405 μου
839 2328 926 2389 πεδία
948 2326 1207 2404 κατακηνποίμενα
1229 2332 1292 2393 τοῖς
1313 2328 1387 2390 ποσὶ

286 2432 345 2492 τῦν
360 2430 458 2493 ίππιιν
476 2428 524 2493 καὶ
544 2434 603 2492 τῶν
624 2430 728 2492 ὅπλων
746 2433 828 2492 ποιεῖ
841 2453 898 2505 μου
915 2426 1134 2507 προσπελάζειν
1152 2427 1206 2492 τδν
1228 2427 1306 2511 ἦχον
1325 2434 1387 2496 τοῖς

287 2529 371 2595 ιἰσίν.
392 2530 525 2594 alterum
540 2554 559 2593 a
574 2552 668 2594 manu
692 2529 864 2608 recentiori,
880 2527 1073 2609 έλεδεμνδςῆ
1089 2529 1122 2592 τὸ
1138 2527 1228 2608 δέμας
1245 2530 1316 2613 (hoc
1331 2531 1387 2617 qui

286 2632 408 2721 scripsit
422 2634 565 2714 έλεδέμιας
579 2633 667 2720 legit)
684 2635 758 2714 ἡμᾶς
776 2638 816 2720 τῷ
831 2637 920 2720 φόβῳ
939 2633 1141 2713 λαμβάνουσα
1155 2632 1173 2712 ἣ
1188 2633 1384 2717 παρείποντο·

286 2732 304 2814 ἢ
319 2737 481 2816 έλεδεμνδς
494 2736 513 2816 ἡ
526 2739 641 2800 ἑλοῦσα
656 2737 715 2800 ἀπὸ
729 2742 789 2800 τῶν
803 2739 938 2817 δεμνίων.
985 2737 1104 2801 Eadem
1123 2736 1187 2800 fere
1209 2738 1242 2800 in
1265 2737 1388 2801 scholiis

286 2835 378 2901 editis
402 2837 563 2924 leguntur,
590 2860 646 2901 nec
668 2838 829 2903 dissimilia
852 2839 1058 2903 recentiorum
1083 2839 1289 2922 interpretum
1314 2856 1387 2904 sunt

285 2955 470 3018 commenta,
485 2963 620 3026 qnorum
636 2963 740 3027 operae
761 2941 896 3027 pretium
921 2963 981 3004 non
1004 2954 1051 3004 est
1069 2940 1191 3004 ostendi
1213 2942 1388 3006 absurdita-

287 3055 347 3106 tem
351 3064 476 3129 ,quum
496 3065 599 3106 veram
623 3043 735 3107 borum
753 3066 899 3107 versuum
919 3043 1104 3129 scripturam
1127 3041 1248 3128 pridem
1271 3043 1386 3107 indica-

286 3144 395 3223 verim,

308 3247 361 3312 έλε
375 3246 440 3329 (vel
452 3248 530 3329 εἷλε)
544 3246 567 3311 δ’
584 3250 655 3327 έμδς
669 3247 782 3329 φρένας
797 3247 871 3312 δέος
891 3248 993 3308 ὅπλων
1010 3246 1116 3310 κτύπος
1129 3247 1385 3374 ποτιχρέμπτεται,

307 3351 355 3413 διδ
369 3349 462 3413 πέδον
475 3352 538 3462 βοὰ
551 3354 687 3425 ποτᾶται,
702 3348 808 3429 βρέμει
823 3347 899 3412 δ’-

286 3449 434 3529 Quam
410 3473 436 3514 st
451 3449 608 3537 quiscum
623 3450 764 3515 codicum
789 3449 972 3514 lectionibus
994 3472 1090 3536 supra
1104 3447 1281 3512 memoratis
1298 3471 1383 3512 com·

285 3568 385 3640 paret,
400 3553 492 3618 facile
510 3552 687 3641 intelliget
679 3551 862 3616 immanium
885 3552 1008 3616 illorum
1025 3551 1170 3615 vitiorum
1187 3571 1327 3613 caussam
1342 3550 1383 3614 ab

284 3654 468 3742 antiquioris
492 3656 655 3742 cujusdam
682 3653 797 3718 codicis
822 3653 999 3718 conditione
1022 3676 1088 3716 esse
1112 3651 1324 3738 repetendam,
1351 3652 1382 3715 in

283 3780 348 3843 quo
362 3757 469 3822 tenuia
491 3771 613 3822 tantum
635 3756 794 3821 literarum
815 3755 943 3841 vestigia
964 3755 1199 3841 superfuerunt,
1213 3775 1252 3815 ex
1267 3752 1384 3839 quibus

283 3862 469 3948 scripturam
484 3860 643 3947 vulgatam
659 3873 902 3946 composuerunt
921 3856 1047 3921 librarii.
1093 3858 1175 3920 Cum
1191 3855 1300 3942 primis
1315 3878 1382 3920 ver-

282 3961 331 4027 bis
353 3964 417 4028 εἴλε
431 3963 455 4027 δ’
472 3966 544 4044 έμδς
561 3963 673 4046 φρένας
694 3962 760 4029 δέος
781 3975 980 4046 comparetur
996 3957 1157 4022 Prometb.
1176 3958 1245 4021 181.
1261 3960 1334 4039 έμδς
1349 3962 1381 4022 δὲ

282 4063 396 4146 φρένας
410 4065 528 4148 ἐρέθισε
544 4066 677 4148 διάτορος
690 4066 797 4146 φόβος.

327 4166 377 4230 86.
395 4168 479 4232 ίδίδ
496 4167 536 4231 N.
562 4170 595 4231 lb
611 4170 644 4231 ίδ
661 4170 694 4231 ἰὼ
710 4169 743 4231 lb
759 4165 854 4252 vulgo
870 4167 903 4228 lb
920 4166 952 4226 ἰὼ
969 4165 1001 4227 ἰὼ
1018 4164 1106 4225 B.M.
1124 4176 1154 4224 et
1171 4163 1255 4226 Rob.

821 4292 835 4331 S
