2978 5062
317 348 385 412 AD
409 349 600 414 SEPTEM
624 348 877 415 ADVERSUS
901 349 1103 415 THEBAS.
1197 350 1257 414 151

205 532 278 579 221.
303 515 595 601 ἀστυδρομουμέναν]
620 517 897 599 ἀστυδρομουμίνην
920 518 1071 583 editiones
1094 532 1167 583 ante
1193 518 1260 583 Ste-

159 614 299 702 phanum
315 628 347 679 et
361 638 444 680 unus
457 616 575 681 alterve
589 618 697 682 codex.

204 736 279 784 ατο.
303 719 485 802 ἁπτόμενον]
508 745 555 801 γρ.
571 722 751 801 τυφόμενον,
767 723 832 787 οίον
847 724 1005 804 καιόμενον
1025 724 1177 802 πολεμίων
1190 723 1263 805 πυρί

159 841 269 905 margo
284 822 335 885 M.
358 819 529 902 τυφόμενον
542 822 567 885 si
584 838 666 888 recte
682 822 818 901 haberet,
834 822 988 905 στράτευμ’
1004 823 1035 886 in
1048 824 1177 905 στρατὸν
1192 846 1260 888 mu-

159 920 290 985 tandum
306 923 397 987 foret.
442 921 506 986 Sed
528 936 575 987 est
596 923 674 988 illud
689 926 857 1006 τυφόμενον
878 925 1032 1011 glossema
1051 924 1258 1010 grammatici,

159 1023 214 1109 qui
237 1023 369 1089 verbum
393 1024 583 1090 desideraret
606 1025 732 1111 utrique
754 1026 882 1103 nomini,
900 1023 992 1090 πόλιν
1011 1027 1059 1090 acl
1081 1026 1259 1108 crpdrcvpa,

158 1125 423 1190 accommodatius
437 1148 532 1212 quam
555 1124 733 1205 ἁπτόμενον,
749 1126 834 1212 quod
856 1127 897 1192 de
920 1127 997 1192 urbe
1017 1127 1123 1215 aptius
1144 1127 1259 1192 dicitur

159 1249 254 1312 quam
268 1227 309 1293 de
324 1228 473 1292 exercitu.
511 1229 628 1292 Versus
641 1250 680 1292 ex
696 1227 822 1315 dactylo
835 1242 867 1292 et
881 1228 1026 1294 dochmio
1039 1230 1239 1316 compositus.

203 1347 275 1414 223.
295 1329 457 1415 βουλεύου]
473 1330 681 1409 συμβουλεόου
695 1328 774 1394 Ald.
811 1329 905 1407 Quod
920 1331 976 1417 qui
995 1331 1117 1418 scripsit
1131 1331 1170 1396 ch
1182 1339 1257 1413 βοο-

158 1433 249 1496 λεήου
263 1431 373 1495 voluit.

203 1550 275 1612 224.
299 1531 479 1617 Πειθαρχία]
499 1530 693 1595 obedientia.
719 1531 876 1596 Stauleius
889 1533 965 1598 citat
982 1534 1128 1621 Sophocl.
1144 1536 1256 1622 Autig.

159 1637 231 1719 675.
254 1640 314 1698 τῶν
338 1632 362 1697 δ’
389 1631 577 1714 ὀρθουμένων
600 1635 691 1708 tacet
716 1635 753 1696 τὸ
781 1637 884 1697 πολλὰ
909 1637 1021 1715 σόμοθ
1045 1637 1063 1716 ἡ
1088 1640 1256 1720 πειθαρχία

158 1737 273 1801 Pulcre
293 1749 399 1801 autem
417 1734 534 1798 dicitur
558 1734 714 1815 εὐπραξίας
734 1734 838 1815 μήτηρ.
874 1735 1037 1822 Theognis
1058 1738 1134 1823 384.
1154 1739 1258 1818 πενίης

158 1837 270 1920 Μητίρ’
286 1839 463 1922 ἀμηχανίην.
494 1836 680 1921 Ecphantus
696 1836 916 1923 Pythagoreus
929 1837 1015 1923 apud
1033 1838 1119 1903 Stob.
1135 1862 1166 1925 p.
1181 1859 1255 1924 302.

157 1939 208 2004 ed.
232 1940 380 2004 TrincaV.
400 1941 421 2002 d
442 1942 499 2021 γδρ
524 1937 705 2003 πολυτέλεια
725 1938 819 2019 μάτηρ
843 1943 896 2006 τᾶς
920 1940 1072 2021 ἀκρασίας.
1108 1940 1255 2027 Sophocl.

158 2042 249 2127 Ajac.
275 2058 347 2127 173.
366 2039 411 2105 Ὠ
436 2041 555 2123 μεγάλα
580 2039 678 2122 φότις,
702 2040 725 2102 ὦ
746 2043 838 2122 μᾶτερ
860 2042 1006 2124 αἰσχύνας
1028 2043 1108 2121 taes.
1143 2041 1255 2130 Eurip.

156 2144 243 2231 apud
260 2144 349 2208 Stob.
365 2163 417 2227 49.
433 2166 465 2229 p.
484 2142 555 2224 187.
572 2142 664 2206 Grot.
679 2138 721 2204 ‘H
737 2144 795 2223 γὰρ
808 2143 944 2223 τυραννὶς
957 2143 1069 2209 ἀδικίας
1079 2143 1173 2226 μήτηρ
1187 2144 1256 2226 ἔφυ.

158 2244 446 2331 Pseudo-Ignatius
471 2267 502 2330 p.
525 2243 578 2308 80.
603 2241 652 2306 ed.
676 2244 763 2307 Voss
789 2242 883 2325 μήτηρ
903 2248 954 2322 τῆς
977 2246 1093 2312 ἐνδείας
1114 2246 1133 2325 ἡ
1156 2247 1256 2328 ἀργία.

157 2347 300 2412 Incertus
320 2370 371 2434 ap.
389 2344 490 2411 Rutil.
507 2346 595 2432 Lup.
609 2366 681 2432 pag.
698 2363 750 2428 90.
775 2346 983 2410 crudelitatis
1005 2356 1106 2411 mater
1119 2356 1165 2411 est
1178 2369 1257 2412 ovo·

156 2451 246 2528 sitia,
268 2458 298 2514 et
315 2449 534 2536 patcrjlcror.
567 2447 619 2511 cf.
641 2449 758 2532 Agam.
783 2460 856 2530 759.
873 2447 1008 2513 Eumeu.
1028 2465 1102 2533 531.
1140 2449 1257 2537 Adjice

156 2550 302 2615 Alcman.
317 2574 368 2637 ap.
385 2548 545 2614 Plutarch.
568 2571 600 2634 p.
614 2548 678 2633 318
693 2550 738 2611 A.
760 2549 1036 2631 Τύχη-Εὐνομίας
1058 2552 1106 2616 καὶ
1128 2557 1257 2621 Πειθοῦς

157 2654 283 2735 ἀδελφὴ,
301 2654 348 2717 καί
362 2653 551 2733 Προμηθείας
566 2649 705 2732 θυγατήρ.
731 2651 906 2714 BLOMF.

201 2772 273 2841 225.
301 2757 377 2839 γυνη
400 2754 544 2839 σωτῆρος]
568 2752 775 2818 Scribendum
801 2757 893 2835 γονῆς
917 2757 1048 2836 αατήρος
1070 2778 1142 2820 cum
1172 2758 1256 2821 Her-

157 2880 271 2922 manno
286 2860 406 2945 Opusc.
422 2857 481 2920 vol.
497 2877 529 2936 4.
544 2879 575 2942 p.
592 2872 667 2940 335.
683 2869 836 2918 commate
858 2867 929 2941 post
943 2856 1036 2938 μήτηρ
1051 2857 1165 2943 posito.
1204 2857 1256 2924 Sic

158 2959 232 3042 γονή
247 2960 278 3024 in
295 2960 362 3024 loco
376 2958 513 3045 quodam
531 2955 693 3043 Sophoclis
709 2956 837 3044 (fragm.
852 2959 943 3042 547.)
959 2958 990 3021 iu
1006 2959 1081 3041 γυνή
1090 2959 1157 3046 jam
1172 2959 1255 3024 anti·

155 3062 264 3148 quitus
277 3074 461 3148 corruptum
478 3059 597 3124 notavit
612 3058 792 3145 Hesychius
806 3083 831 3123 s.
847 3082 876 3123 v.
891 3059 1021 3142 Ἰλλυρὶς
1035 3060 1120 3142 γονή.

199 3179 247 3244 ὧδ’
264 3181 329 3263 ἔχει
344 3176 449 3262 λόγος]
466 3178 577 3241 Habes
598 3197 698 3240 mecm
719 3179 907 3242 scatentium
929 3192 1012 3243 recte
1032 3178 1257 3265 interpretatur

157 3281 352 3346 Schuetzius.
392 3278 540 3343 Similiter
556 3281 674 3365 Agam.
692 3280 784 3342 1661.
800 3277 848 3343 ὧδ’
864 3280 929 3362 ἔχει
949 3277 1042 3361 λόγος
1063 3280 1212 3361 γυναικὸς,
1229 3284 1258 3345 εί

155 3408 199 3450 τις
213 3385 293 3462 ἀξιοῖ
303 3387 420 3446 παθεῖν.
465 3382 517 3445 De
536 3381 658 3444 numeri
673 3380 791 3443 ratione
808 3379 925 3444 dictum
942 3395 989 3445 est
1004 3383 1091 3444 Pers.
1107 3400 1183 3465 343.
1200 3380 1255 3444 ubi

156 3485 286 3549 nuntius
300 3482 489 3548 enumeratis
504 3484 688 3546 Graecorum
702 3497 733 3545 et
748 3483 913 3546 Persarum
933 3480 1031 3569 copiis
1053 3481 1120 3546 haec
1140 3481 1173 3545 in
1192 3482 1255 3546 fine

157 3586 251 3652 verba
264 3587 364 3666 addit,
378 3584 426 3650 ὧδ’
442 3587 506 3669 ἔχει
521 3583 621 3667 λόγος.

201 3708 272 3770 226.
296 3706 374 3789 ἔστι]
395 3705 460 3768 Ρτο
474 3701 583 3783 ἀληθές
598 3704 663 3767 ἐστι
677 3701 788 3789 accipit
803 3702 979 3783 scholiasta,
995 3702 1086 3788 cujus
1103 3701 1135 3764 in
1149 3700 1254 3766 codice

154 3823 225 3891 post
240 3809 305 3873 ἔστι
319 3808 553 3909 interpunctum
569 3804 640 3868 fuit.
665 3804 763 3869 Male.

198 3958 289 4044 θεοῖς]
305 3913 376 4022 seii
390 3959 440 4022 M.
466 3961 536 4020 θεοῦ
548 3957 586 4019 1..
609 3954 766 4019 Pluralem
782 3954 858 4041 legit
874 3952 1078 4018 Marcellinus
1087 3952 1143 4041 qui
1158 3952 1254 4038 hujus

155 4059 212 4125 loci
234 4060 418 4125 seutentiam
441 4057 579 4123 reddidit
596 4056 628 4120 iu
645 4056 718 4121 Vita
733 4056 883 4145 Thucyd.
906 4079 937 4143 p.
955 4072 983 4119 2.
998 4055 1051 4119 ed.
1067 4053 1157 4119 Duk.
1174 4053 1252 4139 (viii.

155 4161 273 4245 Bekk.)

199 4296 272 4362 227.
289 4279 354 4365 τὸν]
370 4282 425 4344 τδν
439 4277 520 4342 libri.
544 4279 727 4341 Correctum
743 4299 783 4340 ex
798 4273 994 4341 Marcellino.

198 4397 366 4483 ὄμῆχανον]
389 4398 536 4462 Formam
560 4395 707 4461 Doricam
724 4394 881 4479 ἀμάχανον
894 4407 978 4460 recte
999 4393 1132 4459 restituit
1150 4395 1253 4461 Blom-

153 4495 277 4563 fieldus.
