2978 5062
478 351 546 416 An
570 348 928 418 PROMETHEUM.
1189 357 1249 420 121

200 536 293 604 1045.
317 516 554 582 Monometrnm
577 518 628 583 hio
649 533 681 583 et
701 518 810 605 paullo
828 535 901 606 post
922 519 991 583 feci.
1031 519 1135 607 Vulgo
1150 536 1252 587 totum

152 636 288 706 systema
302 621 334 684 in
348 620 498 685 dimetros
511 621 714 708 descriptum.

199 740 292 807 1049.
307 724 505 807 ξυγχόσειεν]
518 726 706 806 συγχώσειεν
721 724 771 785 Μ.
795 724 965 805 συγχιόσειε
977 724 1080 788 Τ11111.
1105 725 1252 790 Α110111111

153 823 303 886 librorum
326 824 511 911 corrupteloe
533 840 606 889 sunt
622 823 783 907 συγχόσει’
800 826 862 904 ἐμὲ,
879 827 1068 908 συγχώσειεν
1087 829 1150 907 ἐμὲ,
1165 825 1253 914 quod

149 941 196 989 est
211 925 242 988 in
258 925 352 1002 Ald„
364 928 518 1010 συγχύσει
533 929 598 1007 ἐμὲ,
615 928 768 1010 συγχύσει
780 952 830 1006 με,
844 926 931 1013 quod
954 927 1049 992 habet
1064 929 1161 1009 Βο11.,
1177 956 1252 1012 συγ-

151 1028 262 1110 χόσειέ
275 1055 325 1107 με.

197 1144 289 1214 1057.
311 1131 331 1208 ἡ
352 1135 437 1194 τοῦδε
459 1129 546 1214 τύχη]
562 1134 589 1194 εἰ
610 1129 687 1195 τοῦδ’
704 1132 812 1213 εὐτυχῆ
830 1131 881 1194 Μ.
922 1129 1252 1216 Α111ρ111111111εἰτόδ’

152 1233 268 1314 εὐτυχῆ,
284 1233 371 1317 quod
384 1231 416 1294 in
433 1231 572 1317 margine
588 1233 639 1295 M.
654 1255 765 1296 manus
779 1234 932 1297 recentior
950 1232 1132 1318 adscripsit:
1155 1249 1188 1295 et
1209 1231 1252 1295 sic

152 1332 228 1396 Ald.
247 1333 330 1396 Rob.
372 1333 470 1396 Pauci
486 1332 608 1396 codices
623 1336 650 1397 εἰ
664 1336 697 1397 δὲ
711 1334 772 1399 τόδ’
789 1335 905 1417 εὐτυχῆ,
921 1356 1001 1396 unus
1016 1332 1133 1396 alterve
1148 1332 1211 1395 εἶτα
1225 1330 1250 1395 δ’

150 1435 267 1516 εόηιχῆ,
290 1437 317 1498 εἰ
337 1434 400 1497 τάδ’
423 1437 526 1517 ἀτυχῆ,
551 1439 578 1499 et
600 1434 624 1498 δ’
647 1436 774 1520 εὐτυχεῖ.
802 1439 829 1500 εἰ
849 1434 872 1500 δ’
893 1437 1000 1518 εὐτυχῆ
1023 1436 1125 1498 Turn.
1171 1434 1252 1510 Quae

149 1535 265 1621 ineptae
287 1551 361 1600 sunt
382 1536 562 1624 depravatae
585 1538 748 1624 scripturae
766 1541 793 1603 ε1
812 1537 888 1602 τοῦδ’
910 1539 1017 1620 εὖτ-υχῆ
1036 1535 1249 1600 correctiones.

151 1638 286 1701 Restitui
303 1639 421 1717 ἡταῦὄε
435 1640 519 1722 τύχη.
566 1641 649 1702 Nam
671 1645 757 1704 τοῦδε
780 1653 944 1725 propterea
966 1653 1012 1702 est
1035 1637 1251 1712 necessarium,

150 1739 225 1824 quin
245 1741 286 1803 ab
301 1741 454 1804 sententia
468 1741 638 1818 communi,
654 1764 728 1827 quae
745 1740 996 1828 praecedentibus
1018 1740 1159 1804 versibus
1180 1762 1252 1804 con-

151 1841 278 1919 tinetur,
293 1841 333 1905 ad
350 1842 529 1907 Promethei
544 1842 715 1921 fortunam,
731 1843 780 1908 cui
797 1841 873 1905 nihii
894 1841 934 1906 ed
959 1842 1069 1906 mentis
1090 1842 1250 1906 alienatio·

151 1964 220 2006 nem
236 1943 341 2007 deesse
355 1944 412 2020 ait,
428 1943 598 2007 orationem
615 1944 750 2007 deflectit
767 1942 958 2006 Mercurius.

198 2048 289 2130 1058.
304 2045 332 2128 γ’
348 2047 392 2131 αἱ]
407 2072 444 2129 γε
460 2048 508 2109 Μ.
525 2045 640 2133 aliique
654 2069 726 2110 cnm
743 2044 822 2109 Ald.
840 2045 924 2108 Rob.

198 2150 573 2230 1059.ξνγκ-Ρο1·0011118.
597 2174 687 2228 συγκ·
704 2145 787 2209 libri.

198 2251 289 2313 1060.
304 2248 373 2333 που]
390 2248 597 2312 Scribendum
612 2275 663 2312 ποι
677 2270 749 2313 cnm
766 2249 789 2310 J
791 2248 890 2311 ucobo
905 2247 1010 2310 Tatio.
1133 2329 1135 2333 ¹

196 2354 288 2414 1061.
305 2352 401 2433 ὑμῶν]
416 2355 486 2432 ὑμῖν
502 2351 608 2416 Viteb.

196 2453 286 2515 1068.
302 2455 447 2533 προδότας
461 2454 531 2537 γὰρ]
546 2456 604 2534 γὰρ
619 2454 764 2533 προδότας
780 2451 926 2516 Bothius.
971 2453 1043 2529 Quo
1058 2474 1120 2515 non
1136 2476 1225 2540 opus.

197 2569 287 2636 1071.
303 2556 366 2635 ἁγὼ
383 2555 549 2618 Porsonus.
581 2552 672 2617 Libri
688 2552 736 2615 vel
751 2551 813 2616 ἃττ’
830 2553 899 2635 ἐγὼ,
914 2551 1000 2637 quod
1016 2566 1062 2614 est
1077 2551 1108 2614 in
1126 2554 1188 2631 M„
1199 2553 1248 2616 vel

150 2655 193 2719 dr'
209 2658 278 2737 ἐγώ.
301 2656 376 2719 ἅττα
390 2657 450 2737 ἐγὼ
467 2656 549 2720 Βο11.

196 2777 285 2840 1074.
301 2757 387 2842 ὑμᾶς]
402 2758 476 2837 ἡμᾶς
491 2758 584 2822 codd.
603 2757 754 2822 nonnulii.

197 2875 288 2944 1075.
314 2860 550 2924 Monometrnm
567 2861 660 2925 hicet
677 2861 758 2924 infra
777 2861 907 2923 restitui.
947 2858 1050 2944 Vulgo
1065 2859 1131 2923 hoec
1145 2859 1250 2922 omnio

150 2962 180 3023 in
196 2960 346 3024 dimetros
360 2961 525 3048 descripta.

196 3079 288 3145 1077.
304 3065 386 3150 κούκ]
401 3065 454 3128 οὐκ
469 3064 589 3151 aliquot
603 3063 694 3128 codd.
711 3079 742 3128 ct
758 3064 835 3127 Aid.
860 3067 908 3128 καὶ
922 3065 975 3126 οὐκ
992 3064 1040 3125 Μ.
1057 3064 1140 3128 Rob.

196 3175 287 3254 1078.
303 3174 484 3261 ἀπέραντον]
499 3162 648 3256 ἆπέρότον
664 3177 715 3238 Μ.
731 3175 802 3239 vab
817 3174 877 3238 0110
891 3195 986 3236 mnnu
1000 3172 1168 3259 adscripto.

197 3279 287 3339 1080.
301 3277 396 3362 μύθῳ]
411 3279 494 3362 λόγῳ
509 3277 575 3340 duo
588 3276 681 3341 codd.

196 3380 286 3442 1082.
303 3378 476 3464 AEschylus
493 3379 666 3465 respexisse
679 3377 805 3441 videtur
820 3376 1009 3449 Hesiodum,
1027 3375 1050 3437 si
1072 3375 1165 3439 modo
1179 3377 1249 3462 ejus

149 3482 209 3544 sint
224 3503 332 3543 versos
354 3479 394 3544 de
409 3479 661 3557 Titanomachia,
678 3479 842 3564 Theogon.
861 3480 933 3559 706.
953 3476 1011 3540 σὺν
1025 3475 1049 3539 δ’
1065 3478 1169 3556 ἄνεμοι
1184 3479 1248 3541 ἔνο-

149 3584 200 3646 σίν
223 3608 254 3646 τε
276 3584 359 3646 κόνιν
384 3581 409 3645 θ’
433 3581 494 3662 ἅμα
515 3581 726 3663 ἐσφαράγιζον,
749 3578 880 3661 Βροντήν
897 3605 941 3656 τε,
966 3578 1113 3659 στεροπήν
1132 3605 1176 3653 τε,
1201 3581 1250 3645 καὶ

147 3685 328 3748 αἰθαλόεντα
350 3683 503 3764 κεραυνὸν,
522 3688 608 3762 Κῆλα
622 3683 696 3751 Διὸς
716 3682 869 3764 μεγάλοιο.
908 3680 1005 3767 Digni
1017 3694 1091 3743 sunt
1106 3682 1160 3767 qui
1175 3704 1248 3745 con·

146 3786 288 3849 ferantur
308 3783 439 3849 Pacuvii
463 3807 570 3848 versus
592 3784 738 3848 trochaici
761 3784 846 3870 opud
866 3784 967 3848 Cicer.
985 3782 1024 3846 de
1037 3785 1126 3847 Orat.
1143 3804 1176 3868 3,
1192 3803 1245 3868 39.

147 3889 335 3952 inhorrescit
357 3909 456 3962 more,
477 3887 628 3950 Tenebroe
648 3886 920 3972 conduplicnntnr,
936 3888 1095 3973 noctisque
1113 3896 1143 3950 et
1161 3889 1246 3950 nim·

146 3989 218 4051 όυυι
243 3997 372 4052 occoecot
397 3990 534 4074 nigrum
559 3989 708 4050 Flamma
731 3990 816 4051 inter
840 3989 937 4052 nothos
960 3998 1113 4064 coruscat,
1136 3989 1248 4052 coelum

147 4092 266 4154 tonitru
281 4091 453 4167 contremit,
475 4089 606 4152 Grondo
622 4089 716 4153 misto
733 4091 825 4153 imbri
841 4092 994 4177 hzrgrfluo
1007 4091 1113 4155 subito
1131 4095 1247 4177 proci·

144 4195 253 4276 pitane
272 4191 378 4256 cadit:
406 4192 552 4278 Undique
572 4213 679 4255 ornnes
699 4194 784 4256 uenti
807 4204 989 4276 erumpunt,
1009 4195 1087 4258 sou-i
1108 4197 1249 4260 eeistnnt

146 4294 308 4358 turbines:
331 4295 446 4357 Fervit
461 4303 539 4357 αντα
551 4294 700 4380 pelagus.
724 4293 899 4358 BLOMF.

193 4396 286 4481 1085.
312 4395 406 4480 κόνιν]
430 4395 592 4460 Bentleius
606 4394 738 4459 Dissert.
754 4395 794 4459 de
816 4393 973 4459 Phalorid.
989 4418 1023 4482 p.
1043 4417 1112 4482 135.
1129 4398 1249 4484 primns

688 4521 708 4565 (ι
