2978 5062
246 332 311 398 158
605 333 984 400 ANNOTATIONES

245 500 359 585 πληχθ·
379 502 418 566 C.
451 500 603 584 θορίπληθ
624 527 663 568 ex
685 505 755 569 cod.
778 507 909 570 Barocc.
930 506 1022 571 affert
1043 507 1214 573 Porsonus.
1248 513 1350 591 δουρο-

244 603 332 684 πλήθ’
356 602 435 668 Ald.
457 626 560 668 errore
584 604 716 669 fortusse
741 606 915 694 typothetae
939 631 998 694 pro
1023 608 1234 694 θονρνπλήχθ,
1260 612 1349 698 quod

244 719 365 770 servato
384 721 530 770 accentus
546 706 623 770 vitio
640 708 745 793 posuit
765 710 868 773 Turn.
899 709 1058 791 δουρικτήτ’
1081 712 1164 777 Rob.
1203 715 1348 792 Quorum

242 806 389 872 vitiorum
411 807 551 871 omnium
574 824 659 873 certa
680 811 821 873 Porsono
843 810 883 874 ad
905 812 1018 899 Eurip.
1043 815 1123 878 Hec.
1143 815 1218 893 482.
1243 838 1348 880 emen-

242 910 330 977 datio
346 911 512 976 videbatur
527 911 712 995 δουρίληβθ.
757 913 797 977 Id
814 938 888 978 vero
902 913 1019 980 librarii
1034 916 1087 980 vix
1101 917 1135 981 in
1151 919 1344 1003 δουρίπληχθ’

242 1015 462 1100 corrupissent.
497 1014 704 1079 Scribendum
721 1015 889 1100 δουρίπηχθ
901 1017 1155 1105 adjectivumque
1171 1021 1345 1101 δορίπηκτος

241 1116 348 1182 lexicis
361 1115 570 1179 inserendum.
607 1115 755 1180 Similiter
770 1119 968 1200 κοινοπληγές
982 1142 1040 1204 pro
1056 1121 1232 1202 καινοπηγές
1247 1121 1345 1208 scrip.

242 1236 309 1286 tum
325 1220 357 1284 in
372 1219 441 1285 cod.
457 1218 599 1284 Parisino
616 1219 654 1283 L.
668 1220 750 1285 infru
765 1243 793 1283 v.
811 1223 884 1300 642.
916 1220 1040 1303 λάφυρα
1054 1221 1224 1306 δουρίπηχθ
1240 1226 1345 1305 ἁγνοῖς

241 1320 340 1403 δόμοις
361 1319 460 1407 spolia
484 1319 560 1384 dicit
586 1319 683 1384 hastis
704 1318 798 1383 affixa
822 1318 855 1381 in
880 1318 1004 1404 templis
1028 1319 1169 1384 deorum.
1214 1322 1267 1385 sic
1291 1348 1344 1388 ne·

240 1423 379 1506 πηγμένο
402 1429 499 1487 σκῦλα
523 1420 604 1485 dixit
627 1421 789 1508 «Iosephus
812 1422 892 1484 Ant.
915 1419 994 1483 Jud.
1021 1441 1074 1506 15,
1100 1441 1149 1500 11,
1171 1442 1204 1507 3.
1230 1429 1283 1488 τοῦ
1308 1427 1343 1488 δὲ

241 1527 322 1607 ίεροῶ
349 1523 459 1589 παντὸς
486 1523 525 1602 ἦν
554 1525 588 1586 ἐν
617 1524 714 1606 κάκλιρ
742 1522 919 1604 πεπηγμένα
950 1528 1050 1588 σκῶλα
1077 1529 1261 1606 βαρβαρικὰ,
1293 1528 1342 1591 καὶ

239 1630 333 1690 ταῦτα
354 1624 453 1689 πάντα
474 1627 621 1704 βασιλεὺς
642 1623 778 1705 Ἡρώδης
801 1625 937 1704 ἀνέθηκε,
959 1627 1101 1706 προσθεὶς
1124 1627 1185 1690 ὅσα
1207 1628 1257 1690 καὶ
1281 1634 1343 1693 τῶν

238 1727 380 1810 Ἀράβων
395 1728 500 1806 ἔλαβε.
533 1729 682 1791 Ceterum
697 1740 895 1810 comparetur
909 1727 995 1789 locus
1009 1724 1116 1790 similis
1131 1728 1248 1812 Agam.
1262 1730 1340 1814 578.

240 1835 320 1898 θεοῖς
337 1830 461 1912 λάφυρα
482 1833 574 1893 ταῦτα
594 1834 657 1895 τοῖς
676 1825 739 1891 καθ’
754 1825 892 1891 Ἑλλάδα
911 1829 1013 1907 δόμοις
1033 1828 1270 1894 ἐπασσάλευσαν
1286 1833 1340 1912 dp·

238 1938 329 2016 χαῖον
343 1931 444 2015 γάνος.

249 2070 252 2075 ·
280 2039 384 2117 άγνοΐς
402 2032 517 2120 δόμοις]
539 2030 804 2119 Antiquissimum
826 2053 944 2095 morem
963 2030 1061 2095 fuisse
1082 2030 1181 2117 spolia
1201 2031 1338 2098 hostiurn

236 2136 269 2201 in
292 2136 422 2200 deorum
445 2134 569 2223 templis
590 2133 813 2222 suspendendi,
835 2133 981 2197 observat
1002 2133 1191 2197 Eustethius
1213 2157 1245 2220 p.
1260 2138 1338 2214 666,

237 2259 292 2325 33.
314 2239 360 2303 Τὸ
382 2240 415 2302 δὲ
438 2239 471 2302 έν
498 2243 580 2304 ναοῖς
602 2241 712 2317 κρεμῶν
733 2239 771 2300 τὸ
791 2241 890 2300 σκῶλα
910 2241 970 2298 τῶν
992 2234 1190 2314 νενικημέικυν
1212 2237 1281 2304 ἔθος
1300 2239 1341 2318 ἦν

237 2343 374 2425 ἀρχαῖον.
397 2341 445 2404 καὶ
460 2344 548 2419 δηλοῖ
560 2339 631 2402 αὐτὸ
646 2338 695 2402 καὶ
709 2338 867 2418 Εὐριπίδης
890 2339 924 2400 έν
938 2342 1126 2411 Φοινισσαῖς,
1142 2340 1191 2402 καὶ
1205 2341 1222 2402 ὁ
1238 2344 1337 2421 Kopr-

237 2443 287 2512 κὸς
300 2446 333 2507 δὲ
349 2446 382 2508 ἐν
397 2449 459 2509 τοῖς
472 2442 619 2505 Ἱππεῦσι.
665 2437 830 2525 Euripidis
845 2437 940 2501 verbu
954 2437 1021 2501 haec
1036 2454 1110 2504 sunt
1126 2440 1237 2505 Phoeu.
1252 2458 1327 2528 571.

323 2546 371 2608 καὶ
388 2545 470 2629 [eds]
488 2549 586 2607 σκῦλα
600 2541 728 2624 γράψεις
741 2547 803 2607 πῶς
818 2538 863 2604 ἐπ’
880 2539 1000 2622 Ἰνάχου
1013 2542 1115 2623 donin

322 2647 431 2726 Θήβας
445 2646 584 2725 πυρώσας
598 2643 689 2708 τάσδε
705 2645 890 2722 Πολυνείκης
903 2647 983 2709 θεοῖς

323 2749 450 2813 ἀσπίδας
465 2746 562 2822 ἔθηκε.

233 2863 266 2913 et
284 2851 376 2928 1481.

493 2932 533 2998 ῶς
547 2930 571 2994 δ’
589 2932 732 3010 ἐνικῶμεν
744 2930 839 3017 μάχῃ,

319 3037 349 3098 ol
361 3035 418 3114 μὶν
434 3031 506 3100 Διὸς
519 3033 661 3114 τρόπαιον
676 3033 807 3095 ἵστασαν
820 3031 943 3112 βρέτας,

318 3138 347 3200 ol
361 3134 386 3200 δ’
402 3137 530 3202 άσπίδας
544 3141 694 3202 συλῶντες
706 3132 855 3216 Ἀργείων
870 3141 983 3216 νεκρῶν

319 3237 496 3320 σκυλεύματ’
513 3241 584 3304 εἴσω
599 3238 724 3322 τειχέων
739 3237 921 3321 ἐπέμπομεν.

232 3358 454 3445 Aristophanis
470 3381 542 3423 vero
557 3357 625 3422 hrec
639 3358 670 3421 in
687 3355 860 3444 Equitibus
876 3358 951 3437 842.

317 3463 372 3530 έιυς
386 3462 424 3527 ῶν
438 3459 457 3549 ᾖ
473 3467 530 3525 τῶν
544 3462 679 3525 ἀσπίδων
693 3465 752 3524 τῶν
767 3461 800 3522 ἑκ
816 3460 922 3522 Πάλον
936 3484 964 3521 τι
977 3460 1097 3522 λοιπόν.

229 3563 287 3628 Ad
300 3586 374 3650 quie
385 3564 481 3627 verba
495 3561 689 3626 scholiastes:
714 3561 816 3625 Πάλιν
830 3563 847 3624 ά
864 3560 971 3625 Κλέων
985 3565 1023 3625 τὰ
1036 3562 1105 3642 περὶ
1119 3561 1226 3626 Πύλον
1238 3566 1330 3644 θρυλ·

228 3673 281 3732 λεί
293 3668 341 3730 καὶ
354 3665 546 3747 Σφακτηρίαν
568 3664 616 3727 καὶ
634 3667 671 3727 τὸ
687 3668 746 3727 τῶν
763 3663 972 3745 αἰχμαλώτων.
995 3663 1063 3729 ἔθος
1084 3665 1142 3745 γᾶρ
1160 3663 1199 3742 ήν
1220 3668 1258 3728 τὰ
1272 3665 1333 3728 άπὸ

172 3785 177 3793 “
228 3769 452 3847 τῶν.πολεμίαν
465 3767 547 3829 ὅπλα
563 3767 597 3829 έν
610 3772 673 3832 τοῖς
696 3766 785 3846 ίεροῖς
799 3764 982 3828 ἀνατιθέναι.
1005 3765 1061 3832 έιυς
1075 3765 1119 3837 οὗ,
1136 3767 1241 3847 φησὶν,
1257 3767 1331 3831 tvt-

227 3893 320 3933 κειται
334 3866 393 3931 άπὸ
408 3867 513 3929 Πύλου
535 3865 583 3927 καὶ
605 3865 793 3944 Σφακτηρίας
813 3864 907 3937 ὅπλα,
922 3863 997 3944 άπερ
1016 3863 1147 3943 ἀνέθηκα
1168 3872 1230 3933 τοῖς
1251 3871 1332 3934 θεοῖς

227 3970 359 4047 νικήσας,
375 3967 470 4033 οὐδεὶς
484 3971 542 4029 τῶν
557 3967 672 4048 ἐχθρῶν
686 3964 831 4043 τολμήσει
846 3963 906 4028 κατ’
928 3966 1001 4044 ἐμοῦ
1014 3964 1130 4047 λέγειν.
1168 3965 1329 4032 Nimirum

227 4072 385 4136 notissima
406 4084 512 4134 estex
533 4067 725 4155 Thucydide
743 4089 776 4150 4,
792 4088 845 4153 30.
869 4066 998 4132 historia
1018 4068 1060 4133 de
1080 4069 1329 4135 Lacedaemoniis

224 4172 265 4237 ad
289 4175 405 4259 Pylum
428 4187 460 4236 et
481 4170 694 4258 Sphucteriam
717 4169 851 4233 insulam
873 4192 893 4232 a
908 4170 1025 4235 Cleonc
1041 4171 1227 4236 Atheniensi
1247 4171 1329 4237 duce

224 4272 332 4360 captis.
378 4274 477 4336 Ηιιιιο
492 4271 640 4336 Cleonem
657 4269 752 4334 scutis
768 4269 1078 4335 Lucedoemoniorum
1094 4272 1244 4337 dedicatis
1260 4272 1328 4360 glo·

223 4375 354 4439 nantem
374 4372 511 4436 comicus
531 4372 713 4448 introducit,
729 4395 762 4435 se
783 4371 980 4450 inimicorum
1001 4373 1141 4437 omniurn
1164 4396 1220 4438 om
1238 4374 1326 4438 fecil-

222 4476 296 4554 lime
309 4474 542 4540 obturaturum.
586 4473 821 4559 Antiquitatum
835 4473 905 4559 ejus
921 4474 1015 4539 moris
1031 4475 1181 4562 Virgilius
1194 4499 1325 4564 quoque
