2978 5062
285 355 355 419 AD
378 355 572 421 SEPTEM
594 355 844 421 ADVERSUS
867 355 1071 422 THEBAS.
1168 357 1233 428 209

177 521 355 608 περιπίτνει]
373 522 575 587 Scribebatur
589 528 761 604 περιπιπνεῖ.
785 524 952 604 περιπίπτει
965 522 1086 612 aliquot
1099 523 1193 589 codd.

179 620 251 705 836.
269 627 364 693 Θυιὰς
377 623 450 689 libri
466 624 589 712 optimi,
604 623 654 689 vel
670 628 765 699 Θυὸς.
781 639 818 690 ut
832 622 911 689 Ald.
928 626 1032 692 Turn.
1076 625 1177 690 Pauci
1195 626 1234 694 δι

137 726 221 791 Θυὸς
234 747 307 789 cum
323 726 408 791 Rob.

180 825 253 910 837.
269 830 421 910 δυσμόρως
434 829 521 892 Α.Β.
534 827 651 914 aliique
664 843 696 892 et
710 826 807 893 schol.
822 829 977 911 δυσφόρως
986 828 1036 892 Μ.
1047 847 1080 894 et
1095 843 1157 895 tres
1170 827 1234 895 ulii.

136 926 290 992 Nonnulli
304 932 468 1012 δυσμόρους
483 945 518 994 ut
534 929 620 994 Rob.
636 931 740 994 Turn.
756 928 806 994 vel
820 931 990 1012 δυσφόρους
1003 942 1042 995 ut
1054 929 1132 996 Ald.
1157 933 1235 997 Ver·
1359 922 1363 989 ἶ

135 1052 188 1094 sus
201 1029 252 1096 hic
265 1054 339 1097 oum
353 1031 480 1097 duobus
494 1032 696 1119 sequentibus
708 1032 741 1098 in
765 1054 865 1098 unum
887 1032 1128 1120 oonjungendus
1147 1049 1179 1099 et
1199 1032 1234 1101 in

135 1133 331 1221 antistrophe
346 1135 527 1220 845-847.

179 1237 251 1321 839.
273 1235 431 1323 ξυναυλία]
453 1239 641 1302 Contentus.
665 1236 805 1324 Hesyoh.
829 1237 1011 1304 Ξννανλίαν.
1033 1241 1094 1303 πᾶν
1112 1241 1235 1320 πρᾶγμα

136 1341 250 1403 δισσόν·
272 1338 326 1417 τὴν
339 1337 397 1403 ὑπὸ
411 1339 464 1403 δύο
479 1338 710 1420 ἐπιτελουμένην
725 1341 864 1420 αὔλησιν.
887 1339 960 1405 όταν
973 1341 1032 1422 γδρ
1043 1341 1095 1404 δόο
1106 1339 1232 1415 αθλόσι,

135 1443 277 1519 ξυναυλία
290 1439 424 1522 λέγεται,
440 1440 524 1505 unde
538 1441 712 1529 AEsohylus
725 1441 858 1505 fratrum
879 1440 1015 1505 duorum
1034 1442 1232 1526 μονομαχίαν,

136 1545 296 1622 ξυναυλίαν
311 1541 401 1608 dixit.
427 1543 603 1608 BLOMF.

35 1675 43 1686 ·
180 1645 254 1722 842.
278 1646 390 1727 βουλαὶ
412 1643 436 1708 δ’
457 1645 576 1710 δπιστοι
595 1643 703 1729 Λαΐου]
727 1644 799 1708 Laii
822 1645 983 1711 oraculum
1009 1645 1235 1711 contemnentis

135 1744 274 1810 audacia.
298 1748 401 1811 SCH.
447 1746 498 1813 Sic
513 1745 686 1824 scholiasta,
703 1748 824 1813 δπιστοι
845 1749 888 1822 δὲ,
905 1748 951 1812 ότι
972 1747 1025 1813 οὐκ
1046 1748 1172 1828 ἐπείσθη
1193 1751 1234 1834 τῷ

136 1842 308 1913 Ἀπολλῶνι
323 1850 436 1914 είπόνπι
450 1850 527 1934 αὐτῷ
541 1848 582 1930 μὴ
596 1855 757 1914 συνελθεῖν
771 1851 807 1936 τῇ
821 1849 938 1932 γυναικὶ
950 1848 1098 1930 Ἰοκόοηη.

181 1949 254 2034 843.
269 1950 393 2037 πτόλιν]
408 1951 499 2014 πόλιν
512 1949 633 2036 aliquot
647 1950 739 2015 codd.
754 1961 787 2014 et
801 1948 878 2013 Ald.
895 1949 980 2014 Rob.

180 2051 252 2131 844.
268 2051 393 2134 θέσφατ’
407 2053 545 2117 Ε.Μ.Ν.
559 2064 591 2116 et
606 2052 747 2138 quinque
760 2051 823 2115 alii.
869 2050 975 2138 Vulgo
989 2052 1038 2116 καὶ
1053 2050 1190 2132 θέσφατ’.

181 2150 255 2234 845.
287 2152 377 2215 Inter
405 2151 473 2216 haeo
497 2174 571 2238 quae
594 2151 739 2238 proxime
767 2160 944 2236 sequuntur
969 2149 1076 2227 verba,
1099 2149 1234 2214 fratrum

135 2251 305 2316 occisorum
321 2253 459 2319 Eteoclis
473 2268 503 2318 et
520 2253 678 2341 Polynicis
691 2253 843 2318 cadavera
858 2251 891 2315 in
914 2272 1036 2315 scenam
1058 2249 1144 2315 illata
1163 2249 1233 2316 fue·

135 2354 209 2432 rint,
231 2376 353 2419 necesse
374 2371 431 2420 est.
477 2356 629 2421 Nondum
651 2369 755 2420 tamen
779 2355 813 2418 h.
837 2352 857 2419 l.
883 2354 923 2418 de
948 2353 1095 2417 funerum
1117 2375 1241 2440 pompa*

135 2456 358 2542 cogitandum
381 2457 436 2522 sed
454 2471 583 2522 cruenta
600 2482 636 2522 ac
654 2458 784 2545 pulvere
800 2472 832 2523 et
847 2457 931 2523 sanie
945 2457 1130 2522 dedsoorata
1143 2457 1235 2522 cada·

136 2581 209 2622 vera
224 2558 255 2622 h.
271 2557 291 2623 l.
312 2573 434 2625 tantum
458 2559 677 2624 misericordiae
700 2561 863 2626 movendae
884 2583 978 2626 causa
999 2560 1085 2624 chori
1103 2575 1135 2625 et
1149 2583 1236 2647 speo-

137 2675 272 2724 tatorum
295 2660 393 2725 oculis
415 2678 638 2748 exponuntur3
662 2662 717 2727 ubi
736 2687 773 2727 ea
793 2686 893 2749 usque
907 2662 948 2726 ad
962 2663 1056 2727 finem
1073 2662 1234 2749 tragoediae

131 2762 268 2848 jacuisse
289 2764 451 2848 sequentia
471 2765 546 2829 satis
567 2765 680 2830 docent
691 2789 701 2845 ς
724 2765 813 2830 finita
831 2766 913 2830 enim
934 2765 1061 2829 demum
1081 2764 1237 2851 tragoedia

135 2862 264 2928 domum
289 2880 491 2951 asportantur
514 2869 675 2947 cadavera,
699 2883 737 2933 ut
760 2867 872 2932 deinde
896 2868 993 2954 justae
1018 2867 1056 2933 iis
1077 2868 1236 2955 exsequias

135 2966 238 3051 parari
252 2982 387 3053 possent.
413 2968 513 3031 SCH.

180 3070 252 3152 849.
276 3069 455 3150 διδυμάνορα
474 3069 522 3133 vel
545 3068 636 3150 δίδυμ’
656 3071 750 3152 δνορα
764 3073 807 3135 Α.
830 3070 945 3157 aliique
968 3071 1119 3136 nonnulli.
1143 3072 1233 3154 δίδυμ’

135 3170 246 3252 δνορέα
255 3172 305 3235 Μ.
320 3193 497 3257 novemque
510 3171 563 3235 alii
577 3186 609 3235 et
624 3172 712 3251 Ald.‚
728 3172 787 3236 nisi
801 3172 889 3258 quod
903 3171 935 3234 in
950 3172 1140 3257 quibusdam
1156 3180 1233 3238 διδο·

134 3272 267 3351 μανόρεα
290 3270 481 3356 conjunctim
505 3271 654 3358 scriptum
681 3272 775 3336 utin
801 3271 885 3335 Rob.
931 3274 1055 3337 Neutra
1080 3273 1236 3360 scriptura

136 3392 236 3436 metro
250 3372 408 3437 satisfacit.

180 3475 198 3536 8
199 3488 252 3557 51.
269 3476 397 3555 Δίροιρα
411 3474 514 3539 τέλεια
527 3474 597 3539 τάδε
611 3472 691 3553 πόθη
706 3471 870 3558 significat,
887 3473 954 3559 jam
977 3472 1070 3538 finem
1092 3495 1157 3538 esse
1180 3472 1235 3538 ho-

135 3597 205 3638 rum
235 3574 387 3656 laborum,
414 3599 549 3663 quorum
582 3593 714 3661 uterque
738 3573 873 3637 fratrum
899 3597 939 3639 ex
963 3597 1056 3661 aequo
1079 3576 1236 3664 particeps

136 3676 251 3756 fuerit3
275 3692 408 3764 uterque
424 3678 506 3743 enim
527 3699 660 3764 regnum
683 3676 854 3764 appetivit;
879 3692 1013 3762 uterque
1034 3676 1166 3742 alterum
1189 3678 1236 3743 in-

136 3779 277 3854 terfecit3
302 3795 435 3867 uterque
449 3782 490 3846 ab
505 3781 602 3846 altero
617 3781 799 3845 interfectus
813 3795 870 3845 est.
896 3782 996 3846 SCH.

178 3880 249 3946 πόδε
264 3883 308 3944 A.
324 3896 356 3946 et
370 3881 436 3945 duo
449 3882 500 3946 alii
515 3905 587 3945 cum
603 3881 689 3946 Rob.
735 3880 803 3944 Alii
825 3880 874 3944 vel
896 3884 934 3944 τὰ
957 3883 989 3945 δὲ
1011 3879 1069 3958 vel,
1091 3881 1179 3967 quod
1200 3881 1235 3945 in

136 3981 226 4046 Med.
242 3999 273 4046 et
289 3986 392 4047 Turn.
407 3998 465 4061 est,
480 3983 527 4048 τό.
571 3983 671 4047 Plane
684 3982 802 4047 omittit
816 3984 944 4047 Baroco.
959 3996 991 4046 et
1005 3980 1085 4047 Ald.

180 4086 254 4167 852.
270 4087 372 4149 πόνων
386 4108 449 4149 om.
465 4084 551 4149 Rob.

178 4187 196 4248 8
198 4200 251 4270 53.
267 4186 380 4272 δόμων]
397 4187 531 4267 δομότων
546 4186 630 4251 Rob.

179 4289 253 4371 854.
275 4290 357 4371 γόων
376 4289 460 4355 Rob.
483 4303 516 4353 ot
537 4287 658 4374 aliquot
679 4287 768 4352 oodd.
814 4285 963 4373 Plerique
976 4287 1051 4368 γόον
1064 4307 1137 4350 cum
1152 4284 1233 4351 Ald.

137 4391 240 4454 Turn

179 4493 251 4577 855.
274 4494 432 4572 πόμπιμος,
458 4493 521 4566 Qut
543 4493 647 4557 mittit.
695 4488 899 4577 Intelligitur,
917 4487 1022 4569 oredo,
1037 4501 1234 4554 mortuorum

654 4613 676 4655 o
690 4591 713 4655 d
