2978 5062
189 345 255 412 274
550 340 929 405 ANNOTATIONES

190 513 273 577 tion:
295 512 496 593 Ἀργυρόπονς
516 510 628 591 δίφρος,
650 511 667 572 ό
691 508 814 591 Ξέρξου,
836 510 868 578 δς
892 507 1080 593 αἰχμάλωτος
1103 508 1297 584 ἐπεκαλεῖτο,

189 614 237 698 ἐφ’
261 616 295 679 οῦ
317 611 511 692 καθεζόμενος
534 613 655 693 ἐθεώρει
679 611 734 690 τὴν
758 614 937 696 ναυμαχίαν.
960 611 1093 676 ἀνέκειτο
1116 613 1150 674 δὲ
1173 613 1218 677 είς
1242 609 1297 674 τδν

188 722 364 800 πορθενῶνα
378 720 430 794 τῆς
442 714 581 794 Ἀθηνᾶς.
606 713 729 778 Pariter
740 738 804 779 una
818 729 1014 780 consecratus
1028 728 1117 778 estet
1129 710 1297 777 Mardonii

188 819 344 893 acinaces;
370 841 441 883 oum
472 818 553 881 enim
583 817 669 905 apud
698 816 921 904 Thucydidem
948 817 1029 881 inter
1053 837 1162 881 omnes
1186 838 1296 879 rerum

188 921 432 1008 copias‚quibus
447 920 657 984 Athenienses
677 920 765 983 initio
779 918 850 983 belli
872 917 1126 1006 Peloponnesiaci
1148 918 1296 982 abunda·

189 1025 265 1089 baut
291 1030 389 1088 σκῦλα
415 1028 535 1103 Μηδικὰ
563 1040 797 1099 enumerantur,
827 1046 889 1086 non
918 1022 1007 1087 aliter
1035 1021 1138 1086 locum
1162 1020 1298 1106 exponit

189 1128 377 1205 scholiastes,
392 1149 487 1213 quam
503 1149 560 1213 per
575 1126 642 1190 haec
657 1125 722 1189 duo
736 1125 877 1202 donaria,
893 1126 946 1190 τὸν
960 1123 1150 1208 ἀργυρόποδα
1171 1122 1296 1206 θρόνον,

191 1230 306 1294 καὶτὸν
321 1229 462 1308 ἀκινάκην
476 1228 529 1292 τδυ
542 1234 684 1312 χρυσοῦν.
729 1230 782 1293 De
796 1228 913 1314 quibus
928 1228 1087 1315 Ulpianus
1102 1229 1142 1292 ad
1158 1225 1297 1313 Olynth.

190 1350 221 1413 3.
238 1353 271 1418 p.
289 1350 338 1416 25.
355 1333 371 1395 ὁ
386 1334 445 1412 γὰρ
461 1329 576 1413 Ξέρξου
591 1332 695 1414 δίφρος
710 1333 759 1396 καὶ
774 1333 791 1394 δ
807 1328 946 1410 ἀκινάκης
961 1330 1143 1412 Μαρδονίου,
1156 1331 1174 1393 ό
1187 1330 1248 1408 μὲν
1262 1330 1297 1392 έκ

190 1439 370 1513 Σαλαμῖνος,
387 1435 448 1496 όδὲ
463 1435 497 1497 ἐκ
511 1433 690 1498 Πλαταιέων
706 1432 898 1509 ἀνετέθησαν.
940 1431 1048 1496 Etiam
1063 1431 1296 1496 Demosthenes

189 1548 267 1598 orat.
282 1534 313 1596 in
330 1533 469 1598 Timocr.
487 1536 532 1620 (p.
550 1552 624 1618 741,
640 1538 685 1613 6.)
704 1550 873 1622 utrumque
886 1534 1062 1622 conjunxit,
1077 1534 1242 1614 ταμιεύσας
1262 1534 1297 1598 ἐν

190 1635 351 1717 ἀκροπόλει
372 1639 409 1699 τά
431 1638 566 1717 ἀριστεῖα
587 1641 637 1716 τῆς
658 1635 783 1712 πόλεως,
805 1639 824 1702 δ
847 1637 962 1717 ἔλαβεν
976 1636 1035 1701 ἀπὸ
1053 1643 1112 1700 τῶν
1126 1633 1297 1718 βορβόρου

189 1734 377 1822 ὑφῃρημένος
392 1735 428 1814 ἐξ
440 1734 639 1818 ἀκροπόλεως,
655 1740 709 1802 τόν
723 1764 755 1802 τε
770 1740 877 1821 δίφρον
897 1739 950 1801 τὸν
964 1735 1161 1821 ἀργυρόποδα,
1178 1738 1229 1801 καὶ
1243 1737 1296 1801 τὸν

190 1835 332 1917 ἀκινάκην
347 1842 399 1901 τοῦ
415 1841 597 1920 Μαρδονίου,
613 1840 646 1908 δς
660 1840 715 1922 ἦγε
730 1842 914 1923 τριακοσίους
928 1842 1086 1922 δαρεικούς.
1111 1840 1283 1903 STANL.

234 1941 340 2024 εὐαγῆ]
371 1939 553 2018 Scholiasta,
581 1944 652 2007 ὅθεν
677 1945 799 2008 ἐδύνατο
825 1949 921 2009 καλῶς
946 1943 1032 2023 ἀγειυ
1057 1942 1109 2006 τὸν
1131 1941 1296 2023 ὀφθαλμὸν

190 2050 346 2128 πανταχοῦ
361 2047 408 2109 καὶ
422 2044 561 2126 βλέπειν·
585 2047 704 2129 ὑψηλὸς
723 2050 781 2128 γὰρ
802 2046 850 2126 ἦν.
874 2045 908 2108 τδ
923 2047 956 2108 δὲ
971 2042 1063 2126 εῦογῆ
1077 2043 1189 2111 παντὸς
1204 2069 1297 2126 στρα-

190 2153 242 2211 τοῦ
257 2148 322 2211 ἀντὶ
341 2153 394 2211 τοῦ
414 2152 556 2229 καθαρὰν,
574 2147 806 2232 κεχωρισμένην,
823 2149 855 2211 ul
870 2145 1003 2230 ἔχουσαν
1018 2148 1083 2209 οἶον
1101 2145 1155 2223 τὴν
1176 2146 1296 2229 ἀποφιν

191 2252 239 2314 καὶ
252 2251 449 2331 ἐπιτηροῦσαν
463 2251 517 2313 τὸυ
531 2253 611 2314 λεὼν
627 2251 755 2314 ἅπαντα.
778 2247 796 2328 ἢ
812 2247 980 2331 αὐγάζοντα
995 2248 1043 2312 καὶ
1057 2250 1181 2331 δρῶντα.
1202 2249 1296 2312 Post

190 2373 276 2414 rema
299 2351 367 2416 haec
389 2351 603 2436 interpretatio
624 2365 699 2437 apta
720 2365 766 2414 est
792 2349 946 2437 adjectivo
969 2351 1090 2433 εῦαυγῆ,
1112 2350 1199 2437 quod
1220 2373 1295 2415 oon·

187 2453 311 2538 jectura
325 2452 478 2540 probabili
495 2453 629 2517 restituit
645 2452 903 2517 Hemsterhusius
917 2476 968 2539 ap.
982 2455 1109 2539 Musgr.
1120 2453 1161 2517 ad
1177 2453 1293 2542 Eurip.

193 2553 305 2640 Suppl.
323 2556 397 2638 652.
412 2555 503 2640 cujus
525 2555 706 2620 sententiam
725 2555 922 2642 impugnavit
937 2555 1106 2620 Elmsleius
1120 2555 1161 2618 ad
1177 2556 1293 2643 Eurip.

192 2657 308 2720 Bacch.
323 2659 409 2733 660„
425 2656 566 2720 defendit
582 2658 621 2721 L.
634 2657 820 2721 Dindorfius
834 2657 865 2720 in
882 2657 1048 2721 Thesauro
1063 2681 1088 2721 s.
1104 2678 1134 2721 v.
1153 2657 1285 2740 Εῦαγός.

233 2760 308 2841 467.
325 2756 414 2843 ἀλός]
431 2757 539 2840 χθονός
554 2757 638 2822 Rob.

234 2874 309 2940 470.
333 2858 392 2937 ίησ’
409 2858 492 2922 Rob.
527 2858 585 2938 ίησ’
602 2860 651 2922 Μ.
668 2875 699 2923 et
714 2887 761 2941 γρ.
778 2862 817 2925 Β.
834 2873 871 2924 ut
891 2859 956 2940 ἥσω
978 2883 1036 2948 pro
1049 2860 1113 2940 ἥσω
1130 2882 1150 2923 α
1164 2860 1296 2946 quibus-

192 2959 263 3023 dam
286 2959 400 3022 lectum
423 2960 485 3023 fuit
499 2982 549 3045 ap.
567 2959 680 3047 Eurip.
698 2963 779 3025 Hec.
797 2963 866 3042 164.
891 2962 981 3027 Libri
1000 2962 1110 3048 reliqui
1124 2962 1194 3044 ἤιξ’.
1232 2966 1296 3029 Est

191 3074 296 3124 autem
314 3063 376 3139 ίησι
391 3061 613 3148 significatione
628 3061 822 3127 intransitive
836 3063 955 3127 dictum
970 3087 1029 3152 pro
1043 3067 1128 3143 ίεται,
1145 3077 1182 3129 ut
1197 3066 1296 3132 καθιέ-

192 3188 241 3228 ναι
267 3185 326 3251 pro
350 3164 483 3228 καθιέναι
509 3165 615 3227 ἔαυτόν
637 3165 685 3228 vel
710 3167 865 3229 καθίεσθαι
889 3165 1011 3231 dicitur.
1050 3168 1090 3231 In
1115 3169 1153 3232 B.
1180 3166 1223 3254 gl.
1248 3184 1296 3234 est

193 3268 347 3348 ἐπορεύθη.

235 3367 370 3454 ἀκόσμῳ]
387 3370 507 3453 ἀπότμῳ
523 3371 615 3432 Cant.
631 3370 760 3455 primus,

234 3475 354 3557 θνιόσμφ
371 3471 439 3555 ξὺν]
456 3473 593 3550 ἀκόσμως
608 3473 664 3536 σὺν
679 3472 744 3535 duo
760 3472 851 3535 codd.
890 3473 982 3536 Conf.
1000 3497 1028 3535 v.
1044 3493 1119 3555 422.

235 3591 308 3654 471.
323 3573 477 3655 πάροιθεν]
493 3573 617 3653 πάροιθε
633 3590 694 3636 tres
708 3573 800 3637 codd.
816 3589 847 3636 et
864 3574 940 3637 Ald.
958 3575 1041 3639 Rob.

235 3678 389 3757 ξυμφορὰν
419 3675 587 3736 Porsonus.
638 3678 796 3756 συμφορὰν
825 3674 931 3761 vulgo.
977 3681 1117 3762 συμφορᾷ
1142 3691 1296 3763 quattuor

192 3776 286 3840 codd.

235 3895 309 3958 474.
327 3876 408 3962 εὗρε]
427 3876 634 3940 Scribendum
650 3878 730 3957 ηῦρε.

236 3980 421 4061 ἀπήρκεσαν]
447 3979 599 4059 ἀπήρκεον
615 3978 691 4041 Ald.
717 3979 866 4060 ἀπήρκεσε
883 3982 933 4043 Μ.
968 3981 1137 4061 ἀπήρκεσεν
1152 3985 1191 4047 C.
1207 3985 1296 4049 Rob.

194 4082 360 4161 έπήρκεσαν
377 4080 480 4143 Viteb.

235 4198 309 4263 477.
325 4182 465 4263 τοσόνδε]
482 4182 614 4243 τόσωνδε
631 4182 682 4242 Μ.

234 4284 310 4362 478.
335 4288 414 4345 νοῶν
438 4282 547 4367 Steph.
563 4299 593 4346 et
611 4281 704 4345 codd.
728 4281 886 4367 plerique:
912 4283 976 4347 duo
999 4292 1077 4364 νηῶυ
1098 4309 1171 4350 cum
1188 4289 1296 4352 Turn.

194 4383 232 4444 ln
249 4381 324 4444 ΑΜ.
341 4382 426 4447 Rob.
443 4389 525 4447 νεῶν.

234 4499 310 4567 479.
325 4483 458 4566 ἔλειπες]
476 4486 577 4551 ἔλιπες
592 4487 677 4549 Α.Β.
693 4484 808 4570 aliique
824 4486 963 4550 nonnulli
979 4511 1050 4550 cum
1068 4489 1146 4553 Ald.
1163 4490 1268 4554 Turn.
