2978 5062
455 359 524 422 AD
547 359 906 427 PROMETHEUM.
1167 363 1230 428 107

178 524 253 604 817·
281 526 515 612 ἐπαναδίπλαζε]
548 528 753 593 scribendum
788 531 892 616 potius
925 532 1133 607 ἐπανδίπλαζε.
1179 530 1230 594 Sic

133 628 305 693 ἀνδαίοντες
331 628 442 714 Agsm.
468 648 542 715 305.
580 631 748 710 Ἀνδήματα
774 654 832 717 pro
858 633 1029 713 δνοδήμοτο
1052 632 1230 696 restitutum

134 727 283 813 Euripidi
299 727 417 794 Electr.
433 731 508 797 882.

179 829 253 893 820.
268 834 474 918 πολυφθόρου]
492 836 666 916 πολυφθρον
679 834 799 922 aliquot
812 834 905 899 codd.
920 847 952 897 et
967 834 1050 898 Rob.

178 931 251 995 822.
267 934 459 1019 αἰτούμεσθα]
477 935 683 999 Scribendum
699 935 886 1022 γ’ρτούμεσθαε
910 935 1033 1022 respicit
1049 935 1131 999 enim
1145 935 1185 997 ad
1202 958 1233 998 v.

137 1032 212 1117 785.
257 1035 330 1098 Non
353 1035 478 1100 videtur
499 1036 550 1101 hic
572 1036 658 1102 locus
680 1038 750 1102 talis
770 1061 836 1102 esse
857 1038 890 1102 in
912 1060 977 1124 quo
1002 1059 1140 1124 praesens
1161 1051 1234 1123 apte

136 1134 212 1222 poni
229 1136 326 1221 possit
340 1159 399 1223 pro
412 1138 602 1225 imperfecto.

182 1239 257 1322 829.
283 1238 406 1325 δάπεδα]
429 1240 545 1323 γθπεδα
567 1253 648 1306 recte
664 1241 849 1306 'emendavit
874 1243 1032 1306 Pomonus
1053 1240 1094 1304 ad
1118 1240 1234 1327 Eurip.

139 1341 195 1404 0r.
209 1357 284 1424 324
304 1341 417 1406 collato
440 1342 550 1429 Steph.
572 1345 652 1429 Byz.
673 1365 697 1407 s.
713 1365 742 1407 v.
766 1346 817 1421 Γῆ,
840 1342 1029 1425 λέγεταικαὶ
1049 1341 1180 1424 γτήπεδον
1201 1340 1236 1405 πδ

139 1441 212 1522 πρὸς
225 1448 287 1510 τοῖς
301 1445 389 1510 οἴκοις
404 1446 439 1508 ἓν
452 1447 542 1508 πόλει
557 1446 670 1524 κηπίον,
686 1445 760 1526 ὅπερ
772 1447 801 1508 ol
818 1446 950 1526 τραγικοὶ
969 1448 1017 1508 διδ
1036 1449 1089 1508 τοῦ
1108 1471 1128 1508 α
1147 1444 1235 1526 φασὶ,

140 1545 318 1624 δωρίζοντες.
364 1545 485 1609 Eadem
514 1544 667 1610 vocabula
695 1560 871 1633 permutata
900 1569 949 1631 sp.
977 1546 1140 1633 Lycophr.
1162 1547 1237 1628 617.

142 1643 284 1709 Δθπεδον
297 1668 360 1710 aon
375 1645 491 1711 dicitur
504 1647 560 1711 nisi
575 1663 717 1733 correpta
732 1648 850 1733 syllaba
866 1648 976 1734 prima.

185 1747 260 1831 830.
282 1750 449 1813 αίπύνωτον
471 1750 632 1834 Δωδύνην]
655 1749 790 1814 Dodona
812 1749 843 1812 in
868 1749 994 1836 regione
1017 1749 1238 1827 Molossorum,

142 1846 199 1931 qui
218 1846 251 1910 in
270 1847 385 1913 vicinia
405 1849 586 1937 Illyriorum
608 1851 761 1915 montium
784 1851 975 1915 habitabant.
1021 1853 1133 1938 Ipsum
1149 1851 1241 1913 Jovis

144 1949 297 2036 templum
312 1950 353 2014 ad
370 1953 499 2016 Tomari
515 1953 628 2017 montis
642 1953 762 2017 radices
776 1962 972 2017 exstructum
990 1968 1066 2015 erat.
1091 1950 1193 2015 Strab.
1211 1967 1239 2033 7.

144 2073 177 2136 p.
190 2053 265 2134 328.
283 2054 320 2116 C.
346 2054 447 2117 SCH.

189 2153 262 2236 831.
278 2157 383 2239 θῶκοι]
405 2155 610 2220 Scribendum
626 2160 715 2222 θᾶκοι
728 2177 800 2219 cum
817 2153 986 2218 Brunckio.
1003 2155 1041 2218 V.
1056 2154 1097 2218 ad
1111 2177 1143 2219 v.
1159 2154 1232 2218 280.

190 2255 263 2338 832.
294 2259 326 2320 αί
352 2257 535 2340 προσήγοροι
564 2259 661 2341 δρύες]
694 2256 861 2320 Fabulosae
890 2278 1024 2342 quercus
1049 2255 1185 2319 fatidicae
1209 2255 1243 2319 in

145 2369 294 2440 querceto
318 2379 405 2421 sacro
433 2381 530 2443 prope
555 2358 721 2421 Dodonam
752 2357 889 2420 multum
916 2355 997 2418 inter
1022 2369 1142 2418 veteres
1164 2352 1243 2419 cele-

146 2458 255 2523 bratae.
300 2460 421 2523 Earum
432 2461 498 2545 jam
515 2461 676 2523 Homerus
696 2459 884 2523 mentionem
898 2457 981 2522 fecit.
1030 2456 1198 2544 Sophocles
1213 2457 1244 2521 in

148 2559 337 2638 Trachiniis,
353 2560 487 2648 primum
506 2565 550 2643 (v.
567 2565 651 2645 175.)
672 2561 833 2647 antiquam
853 2562 973 2648 fagum,
989 2561 1074 2625 unde
1090 2559 1245 2625 columbas

148 2661 210 2727 illae
231 2661 364 2749 geminoe
386 2663 512 2728 oracula
533 2662 736 2741 reddiderint,
751 2663 865 2728 deinde
879 2686 954 2727 vero
976 2663 1068 2727 etiam
1091 2662 1122 2725 in
1148 2661 1244 2726 Sello-

149 2787 218 2828 rum
235 2764 307 2828 luoo
323 2767 365 2846 (v.
380 2768 487 2848 1174.)
504 2766 638 2829 νοοαίινι
650 2788 797 2852 quercum
814 2767 1036 2848 πολύγλωσσον
1051 2769 1121 2846 δρῦν
1133 2785 1247 2829 memo·

150 2880 208 2932 rat.
227 2867 328 2930 SCH.

194 2970 268 3052 834.
282 2969 533 3053 προσηγορεύθης]
551 2970 776 3050 προσηγορήθης
789 2969 910 3056 aliquot
925 2969 1017 3032 codd.

195 3072 268 3155 835.
289 3068 433 3150 μίλλουσ’
450 3069 561 3143 ἔσεσθ,
578 3073 605 3134 εἰ
619 3076 711 3135 τῶνδε
729 3074 907 3153 προσσαίνει
925 3071 962 3135 σέ
977 3096 1005 3135 τι
1021 3072 1123 3134 Turn.
1140 3068 1251 3133 vitiosa

151 3193 224 3236 cum
258 3170 384 3235 elisione
417 3171 624 3257 diphthongi:
660 3196 733 3260 qum
767 3174 921 3260 scriptura
952 3172 1040 3235 nullo
1072 3194 1110 3234 ex
1145 3170 1250 3234 codice

151 3272 266 3338 diserte
280 3286 327 3336 est
341 3285 497 3346 annotata,
513 3287 697 3337 annotatum
713 3298 787 3338 vero
808 3298 849 3338 ex
871 3277 920 3337 M.
941 3289 973 3337 et
994 3272 1173 3358 quindecim
1196 3269 1251 3332 mi·

153 3376 273 3440 nimum
297 3375 365 3439 aliis
387 3374 547 3439 codicibus
573 3377 698 3440 ἔσεσθαι
722 3383 814 3442 τῶνδε
839 3377 889 3440 vel
916 3377 1051 3448 ἔσεσθαι,
1081 3380 1141 3437 τῶν
1165 3375 1250 3436 δδ-.

154 3477 241 3565 quod
264 3492 425 3564 utcunque
445 3476 602 3564 explicant
619 3476 799 3543 scholiastae.
845 3476 974 3565 Duplici
990 3476 1040 3540 hic
1055 3497 1162 3538 versus
1176 3472 1254 3537 vitio

155 3579 286 3659 laboret,
300 3580 399 3644 altero
421 3592 598 3658 structurae,
614 3579 672 3644 nisi
693 3580 764 3666 quis
786 3579 888 3644 ἔσεσθ’
905 3583 932 3645 εί
947 3577 1102 3665 scripsisse
1117 3574 1253 3662 AEschy-

155 3682 222 3746 lum
237 3681 296 3746 sibi
310 3683 507 3768 persuadeat,
523 3682 621 3747 altero
640 3683 810 3747 sententiae.
855 3685 938 3747 Nam
960 3681 1057 3747 verba
1076 3683 1168 3743 τῶνδε
1189 3676 1254 3740 sive

157 3787 185 3850 εί
197 3789 290 3849 τῶνδε
305 3785 483 3867 προσσαίνει
497 3785 534 3848 σέ
548 3810 578 3848 τι
591 3798 647 3848 aut
661 3785 753 3871 plane
767 3785 919 3850 inutiliter
933 3783 1041 3848 addita
1055 3794 1128 3845 sunt
1141 3793 1197 3842 aut
1211 3777 1256 3842 ita

157 3900 195 3950 ut
208 3885 302 3950 rideri
319 3887 358 3951 Io
373 3885 527 3963 videntur,
543 3909 608 3972 quo
623 3887 700 3950 nihil
714 3902 746 3951 et
760 3911 779 3951 a
792 3911 925 3975 persona
943 3901 975 3951 et
994 3910 1013 3950 a
1033 3881 1159 3950 oonsilio
1175 3882 1255 3944 Pro-

157 3988 273 4052 methei
287 3987 418 4052 slienius
431 3987 560 4075 cogitari
580 4002 692 4075 potest.
738 3991 853 4075 Itaque
867 4011 976 4053 vereor
989 4010 1028 4050 ne
1042 3985 1192 4050 confictus
1205 3980 1257 4046 hic

159 4111 266 4154 versus
278 4090 319 4154 ab
333 4089 554 4176 interpolatore
568 4090 620 4169 sit,
636 4090 692 4177 qui
706 4114 805 4177 quum
821 4091 915 4155 verbs
925 4086 1068 4170 μέλλοντ’
1080 4087 1206 4152 ἔσεσθαι
1216 4084 1258 4148 sd

159 4191 321 4257 seutentiae
335 4191 544 4279 integritatem
560 4192 729 4257 neccssaria
743 4216 809 4257 esse
818 4192 1000 4280 judicasset,
1018 4189 1137 4274 reliqua
1150 4208 1259 4251 versus

160 4306 322 4380 utcunque
346 4294 492 4382 explendi
522 4317 631 4359 caussa
659 4295 815 4381 adjecerit.
864 4297 896 4358 Is
925 4309 1028 4358 autom
1052 4291 1138 4355 haud
1163 4289 1259 4354 dubie

162 4396 273 4474 ἔσεσθ’,
304 4398 374 4461 εί-
402 4397 573 4484 scripserat,
603 4396 690 4482 quod
720 4413 802 4461 recte
830 4396 965 4461 restituit
996 4394 1167 4460 Turnebus
1196 4391 1259 4456 sive

685 4520 705 4562 0
722 4517 740 4565 2
