2978 5062
238 324 282 391 92
600 323 979 388 ANNOTATIONES

241 493 282 555 In
296 515 361 578 quo
379 508 482 556 tamen
503 494 644 557 assentiri
666 494 694 557 ei
718 516 780 558 non
802 516 939 580 possum.
985 493 1099 559 Strabo
1120 491 1202 557 enim
1225 494 1340 557 diserte

240 594 446 658 Ambracium
471 595 573 659 sinum
595 596 636 659 ab
661 595 752 659 Ionio
772 596 948 682 distinguit,
969 611 1002 659 et
1026 595 1109 659 hunc
1131 595 1259 682 quidem
1282 620 1340 659 suo

239 713 379 783 tempore
394 712 513 783 partem
530 697 684 761 Adriatici
696 697 789 760 maris
803 697 899 760 fuisse
910 712 1050 761 testatur.
1074 697 1218 784 AEschyli
1233 714 1338 762 autent

239 813 332 862 aetate
354 821 438 861 mare
454 798 654 862 Adriaticum
678 798 857 863 universum
881 799 962 862 Ionii
984 799 1192 885 appellatione
1213 799 1341 885 insigni-

239 915 307 964 tum
326 899 420 962 suisse
443 901 621 977 statuimus,
636 900 722 986 quod
742 900 864 964 labente
887 917 1026 988 tempore
1048 901 1174 965 tandem
1198 903 1228 965 in
1252 919 1341 985 parte

238 1002 306 1087 ejus
321 1001 455 1065 haeserit.
502 1001 644 1087 Ideoque
657 1002 755 1082 μέγαν
770 1003 884 1065 κόλπον
895 1000 981 1069 Ῥέας
996 1001 1043 1065 vel
1061 1003 1238 1066 universum
1256 1026 1341 1066 mare

240 1103 366 1166 Ionium
381 1103 402 1166 i.
414 1127 444 1189 q.
461 1124 543 1166 nunc
559 1102 772 1178 Adriaticum,
787 1102 835 1166 vel
852 1117 976 1166 tantum
991 1103 1136 1167 intimum
1152 1104 1221 1190 ejus
1242 1127 1339 1167 reees

238 1226 306 1267 sum
323 1203 405 1267 circa
419 1205 555 1267 Venetos
569 1219 601 1268 et
616 1203 796 1288 Aquileiam
809 1203 975 1290 significari
990 1205 1184 1269 crediderim.
1230 1206 1338 1282 Quum

237 1305 335 1390 igitur
349 1305 412 1369 huc
428 1306 467 1369 Io
481 1305 626 1381 venisset,
640 1325 703 1367 non
724 1305 828 1391 ipsum
843 1327 929 1368 mare
943 1306 1081 1391 ingressa
1094 1324 1151 1385 est,
1165 1307 1219 1370 sed
1235 1307 1340 1392 potius

237 1405 513 1485 παλιμπλάγκτοισι
538 1406 674 1484 δρόμοισι
697 1413 867 1488 retrovaga
887 1427 995 1478 mrsu,
1019 1405 1155 1468 terrestri
1178 1405 1338 1482 nimirum,

238 1527 300 1567 non
328 1504 494 1579 maritimo,
520 1518 558 1568 ut
588 1504 737 1567 Pauwius
765 1521 797 1567 et
826 1504 940 1568 Gallus
968 1505 1121 1592 interpres
1149 1506 1338 1582 existimant,

240 1605 365 1669 tandem
396 1605 435 1669 ad
467 1605 689 1669 Prometheum
719 1605 751 1668 in
781 1605 943 1692 Scythiam
973 1607 1125 1692 pervenit,
1155 1607 1220 1670 sive
1251 1607 1338 1692 quod

239 1706 412 1793 AEschylus
425 1729 492 1770 eam
511 1709 598 1792 (quae
612 1706 799 1792 Apollodori
815 1729 942 1793 quoque
963 1708 1043 1771 ratio
1065 1710 1139 1789 est),
1155 1731 1212 1794 per
1234 1707 1339 1795 Illyri-

237 1809 308 1872 dem
332 1830 537 1894 progressam,
555 1809 705 1871 Haemum
727 1809 965 1872 transscendisse
986 1832 1022 1873 ac
1042 1811 1185 1895 Bosporo
1200 1809 1339 1874 Thracio

238 1911 368 1997 trajecto
388 1910 420 1973 in
446 1910 605 1997 Scythiam
628 1910 804 1996 pervenisse
826 1911 1046 1998 supposuerit;
1075 1913 1139 1975 sive
1160 1912 1246 1998 quod
1269 1936 1336 1977 eam

237 2011 409 2076 secundum
425 2012 499 2076 lstri
515 2010 741 2097 longitudinem
758 2012 868 2097 pedem
884 2014 1075 2099 promovisse
1088 2015 1224 2090 finxerit,
1239 2015 1338 2081 donec

238 2113 285 2177 vel
302 2114 341 2178 ad
358 2115 496 2178 Pontum
513 2113 677 2178 Euxinum
694 2114 821 2192 veniret,
838 2115 888 2177 vel
904 2116 989 2178 Istro
1003 2114 1117 2179 alicubi
1141 2117 1270 2204 trajecto
1294 2119 1338 2182 sic

238 2216 363 2280 tandem
386 2217 418 2279 in
443 2215 580 2301 Scythiae
601 2215 754 2279 desertam
779 2215 935 2302 regionem
958 2215 998 2279 ad
1022 2217 1244 2281 Prometheum
1269 2241 1339 2282 eva-

236 2318 335 2383 deret.
380 2321 463 2383 Cum
477 2319 559 2383 enim
576 2317 656 2381 hanc
669 2317 787 2381 itineris
801 2332 923 2403 partem
939 2317 1113 2404 AEschylus
1132 2318 1197 2382 alto
1216 2319 1338 2383 silentio

236 2420 393 2506 presserit,
419 2435 553 2484 mentem
577 2420 646 2505 ejus
669 2418 808 2482 divinare
830 2417 909 2481 velle
939 2441 1180 2504 supervacuum,
1206 2438 1238 2485 et
1261 2423 1337 2485 certi

238 2520 357 2608 aliquid
372 2521 501 2585 definire
511 2521 600 2607 justo
614 2519 764 2584 audacius
778 2532 867 2582 esset.

282 2623 372 2700 Quod
389 2637 493 2687 autem
511 2622 611 2685 Rheae
627 2621 724 2697 sinus,
739 2620 833 2702 μέγας
847 2623 958 2688 κόλπος
978 2623 1018 2685 ab
1034 2621 1189 2711 AEschylo
1210 2623 1335 2701 dicitur,

237 2724 269 2788 in
285 2749 323 2788 eo
338 2747 400 2787 non
417 2724 516 2809 magis
530 2722 742 2809 argutandum
757 2738 815 2799 est,
827 2746 923 2808 quam
938 2746 1009 2787 eum
1023 2724 1104 2786 Ionii
1120 2724 1213 2788 maris
1226 2725 1337 2788 insulae

236 2848 257 2888 a
278 2824 407 2912 Virgilio
429 2827 505 2888 AEn.
527 2844 560 2909 3,
576 2843 650 2887 211.
673 2824 795 2886 laudae
816 2826 909 2887 Ionio
928 2827 964 2887 ιἰι
986 2847 1105 2911 magno
1126 2824 1336 2911 appellantur,

237 2927 291 2992 ubi
307 2928 339 2992 id
355 2927 483 2991 omnino
497 2926 540 2991 sie
560 2926 631 3005 dici,
648 2941 685 2990 ut
706 2948 794 2990 mare
816 2949 981 3013 maguum,
996 2937 1084 2991 terra
1105 2950 1239 3015 magara,
1255 2943 1337 2992 recte

238 3027 386 3114 Heynius
398 3027 572 3092 admonuit.
607 3029 690 3091 Cum
706 3042 811 3091 autem
829 3026 1000 3113 AEschylus
1013 3027 1081 3091 haee
1095 3028 1202 3114 adjicit
1216 3052 1245 3092 v.
1264 3031 1335 3115 839.

367 3179 477 3260 χρόνον
493 3178 525 3241 dl
539 3178 593 3241 τὸν
606 3176 759 3257 μέλλοντα
773 3178 892 3242 πόντιος
906 3177 1001 3259 μυχὸς

367 3284 472 3361 σαφῶς
486 3278 621 3343 ἔπίστασ’
637 3277 743 3346 Ἰόνιος
759 3276 936 3355 κεκλήσεται

366 3370 417 3459 riis
432 3384 486 3459 σῆς
499 3382 619 3462 πορείας
632 3384 732 3460 μνῆμα
745 3385 807 3446 τοῖς
821 3383 914 3443 πᾶσιν
929 3385 1059 3459 βροτοῖς.

238 3530 378 3614 profecto
392 3535 443 3610 τῆς
462 3533 583 3612 πορείας
605 3553 665 3595 non
687 3546 734 3596 est
755 3529 1023 3615 interpretandum
1047 3541 1111 3595 tuae
1133 3534 1335 3615 trajectionia

236 3632 290 3695 sed
308 3632 412 3719 potius
425 3634 553 3697 itineris
568 3635 627 3710 tui,
643 3633 751 3698 aditus
770 3634 843 3704 tui‚·
867 3631 1019 3717 illumque
1033 3632 1135 3696 sinum
1153 3633 1337 3719 AEschylus,

238 3754 298 3796 non
315 3733 401 3820 qnod
418 3733 457 3795 Io
471 3755 542 3797 eum
560 3735 727 3799 tranaverit
742 3733 842 3820 (quod
855 3733 907 3798 alii
922 3734 1086 3821 scriptores
1100 3736 1336 3800 comminiscun-

238 3840 318 3916 tur),
334 3834 388 3899 sed
403 3834 489 3921 quod
504 3857 575 3898 eum
592 3834 713 3911 adierit,
730 3858 754 3899 s.
770 3835 924 3920 usquead
943 3858 1016 3899 enm
1037 3859 1131 3901 cursu
1146 3840 1335 3923 pervenerit,

238 3938 366 4001 Ionium
381 3935 571 4023 appellatum
587 3934 684 4000 fuisse
698 3935 783 4000 dicit.

280 4041 354 4103 Jam
372 4037 586 4126 Apollodorus
601 4040 640 4103 Io
655 4038 837 4125 priusquam
852 4038 883 4101 in
907 4039 1066 4127 Scythiam
1082 4041 1214 4104 venisset
1230 4039 1335 4105 Thra-

236 4139 320 4204 cium
337 4142 523 4228 Bosporum,
544 4141 584 4205 ab
605 4164 642 4205 ea
664 4141 706 4205 sic
729 4140 935 4214 nominatum,
956 4141 1109 4226 trajecisse
1130 4140 1236 4205 scribit
1247 4166 1257 4220 3
1281 4142 1334 4205 sed

237 4242 278 4305 ab
308 4242 365 4305 hac
395 4241 568 4307 narratione
596 4242 727 4306 discedit
754 4241 948 4327 AEschylus5
987 4241 1104 4307 nullam
1133 4244 1241 4307 saltem
1267 4243 1336 4327 ejus

237 4343 422 4406 mentionem
439 4344 549 4429 injicit.
822 4337 829 4344 ’
879 4364 882 4371 ·

280 4443 416 4529 Reliqua
432 4467 506 4507 vero
520 4446 588 4530 ejus
602 4445 712 4509 itinera
726 4444 768 4507 sic
789 4428 986 4530 persequitur
1005 4445 1151 4532 tragicus,
1170 4461 1205 4510 ut
1224 4469 1332 4509 eorum
