2978 5062
458 335 527 398 AD
549 334 908 399 PROMETHEUM.
1170 335 1234 400 1oe

135 506 242 568 Turn.
265 503 412 568 Aliorum
428 503 580 568 librorum
595 505 673 570 vitia
684 521 758 570 eunt
771 504 908 585 Κιθίυπς,
923 505 1078 585 Σκυθήνιγς
1088 519 1131 583 et,
1147 506 1234 592 quod

133 606 167 670 in
182 606 259 670 Ald.
275 605 361 670 nob.
376 605 501 692 tegitur,
517 609 669 686 Σκνθίυιρς.
692 607 916 694 Ηιτροαταιία,
929 607 1080 685 Κισθήνης
1103 606 1236 689 Ἰσοκρά-

135 732 187 787 της
201 710 399 792 Παιτιγιρικφ
415 710 462 794 (p.
474 725 516 790 72
526 710 589 791 D.)
600 711 671 790 ὄρος
681 712 733 786 τῆς
744 707 875 791 Θρᾴκης.
899 713 1044 788 Κρατῖνος
1058 717 1079 746 “
1090 707 1235 774 Κόνθίνθ

136 811 185 873 ἐπὶ
207 807 338 890 τέρματα
360 813 415 890 γῆς
438 809 518 888 ἥξεις
544 812 592 874 καὶ
618 809 768 889 Κισθήνης
794 813 864 891 όροε
889 808 990 893 ὄψεθ’
1018 810 1154 891 Κισσόνιγ
1176 811 1239 876 hoe

136 928 251 974 nomen
265 910 412 974 scribitur
424 912 509 997 apud
526 911 722 998 Hesychium
738 927 771 975 et
786 911 926 975 Suidom.

182 1029 256 1094 794.
278 1013 396 1092 δηναιαὶ
417 1012 516 1099 κόραι]
538 1013 653 1076 Vetolae
668 1014 799 1099 ριιαθα,
814 1013 891 1099 quia
911 1012 1014 1077 stetim
1036 1034 1058 1076 α
1077 1013 1238 1077 nativitate

138 1112 254 1178 vetule
281 1125 390 1188 erent3
426 1114 555 1178 fuerunt
585 1129 691 1177 autem
721 1116 820 1192 Eoto,
851 1114 1061 1201 Pemphredo,
1090 1127 1123 1179 et
1152 1115 1239 1180 Diuo

139 1215 256 1280 Phorci
271 1238 296 1280 s.
314 1217 485 1304 Phorcynis
503 1231 535 1281 et
555 1219 654 1280 Cetus
673 1215 746 1280 filiae
762 1218 949 1303 Gorgonum
970 1238 1108 1294 sororem
1131 1229 1238 1302 atque,

139 1330 178 1382 ut
191 1317 409 1407 Apollodorus
423 1318 529 1383 scribit
545 1337 575 1396 2,
591 1339 624 1398 4,
640 1325 742 1400 γραῖαι
757 1320 790 1383 lx
804 1323 937 1400 γενετῆς,
950 1339 1015 1381 uno
1034 1330 1158 1381 tentum
1178 1332 1240 1382 tres

138 1419 244 1498 oculo,
259 1443 387 1506 unoque
402 1419 497 1484 dente
515 1419 670 1507 prodite,
687 1421 804 1506 quibus
825 1434 857 1484 et
878 1443 936 1504 per
956 1419 1038 1483 vioee
1059 1420 1240 1484 utebantur.

141 1521 198 1586 ένα
210 1547 244 1586 τε
258 1522 420 1604 ὀφθαλμὸν
433 1524 464 1585 αἱ
477 1529 569 1603 τρεῖς,
583 1523 633 1586 καὶ
654 1523 709 1586 ἕνα
730 1524 839 1586 ὀδόντα
860 1522 955 1605 εἶχον·
978 1521 1026 1585 καὶ
1046 1528 1139 1585 ταῦτα
1160 1525 1241 1604 παρδ

141 1624 232 1705 μέρος
244 1623 371 1704 ἤμειβον
384 1624 541 1703 ἀλλήλαις.
585 1623 730 1688 Eandem
744 1622 883 1688 sahulem
902 1623 1031 1688 mutetis
1050 1622 1239 1710 quibusdam

142 1724 285 1810 partibus
298 1726 394 1788 refert
406 1723 609 1811 Pelaephatus
623 1749 648 1790 α.
661 1743 716 1809 32.
762 1723 925 1788 Hesiodus
938 1724 1019 1788 duee
1030 1739 1152 1789 tentum
1167 1725 1241 1789 fecit

144 1826 312 1913 Theogon.
330 1842 401 1907 270.

274 1979 385 2057 Φόρκυϊ
399 1975 423 2039 δ’
440 1978 477 2040 αὖ
493 1979 579 2056 Κητὼ
594 1979 702 2058 Γραίας
716 1976 783 2041 τέκε
798 1975 1019 2061 καλλιπαρῄους

274 2081 307 2142 έκ
321 2083 443 2159 γενετῆς
457 2077 574 2145 πολιός·
597 2081 649 2144 τὰς
664 2078 699 2155 δὴ
713 2082 822 2160 Γραίας
837 2077 996 2141 καλέουσιν

273 2179 419 2243 ἀθάνατοί
430 2206 463 2243 τε
478 2181 541 2243 θεοὶ
554 2182 648 2262 χαμαὶ
664 2181 823 2262 ἐρχόμενοί
836 2178 860 2242 τ’
877 2181 1026 2260 ἄνθρωποι

274 2282 423 2364 Πεφρηδιό
439 2279 462 2342 τ’
479 2279 631 2344 έθπεπλον
644 2277 741 2343 Ἐνυώ
756 2305 788 2343 τε
804 2281 1019 2361 κροκόπεπλον.
1066 2281 1166 2343 SCH.

190 2450 262 2516 795.
279 2432 488 2515 κυκνόμορφοι]
510 2430 561 2494 Sic
576 2429 680 2505 dieue,
695 2429 771 2515 quia
785 2450 880 2493 canae.
905 2432 1074 2495 sTANL.

189 2532 256 2614 ὄμμ’
273 2533 429 2614 ἐκτημέναι
447 2531 568 2597 oodioes
581 2546 613 2595 et
629 2530 771 2594 Thomas
787 2532 837 2594 M.
853 2554 877 2594 s.
894 2554 922 2594 v.
939 2533 1077 2612 κέκτημαι
1091 2543 1123 2594 et
1139 2531 1242 2593 Turn.

146 2639 227 2715 ὄμμα
248 2634 421 2715 κεκτημέναι
442 2632 520 2697 Ald.
543 2633 629 2697 Rob.
652 2640 675 2672 “
690 2632 786 2696 ovid.
811 2634 943 2696 Metam.
963 2636 995 2712 6,
1013 2655 1045 2714 4.
1072 2633 1244 2697 Phorcidas

147 2739 245 2801 υτιίιις
257 2738 388 2801 sortitae
401 2735 534 2798 leminis
547 2733 670 2798 ectum?
693 2735 869 2797 BLOMF.

192 2842 263 2922 796.
280 2839 328 2922 δς]
347 2841 399 2904 τδς
412 2835 505 2900 codd.
521 2848 584 2899 tres
598 2852 629 2899 et
645 2834 721 2898 Ald.

191 2938 251 3003 οὗθ’
266 2941 351 3019 ἥλως
369 2937 597 3023 προσδέρκεται]
619 2936 706 3000 Citat
726 2935 861 3001 Tzetzes
876 2935 958 3002 Chii,
973 2957 1006 3022 3,
1018 2956 1092 3023 953.
1109 2938 1246 3024 AEschy-

147 3041 197 3105 lus
212 3037 416 3103 Homericum
433 3036 644 3113 adumbravit,
655 3035 717 3101 Od.
729 3043 767 3113 A,
782 3055 831 3123 15.
843 3038 912 3102 οὐδέ
925 3038 989 3102 ποτ’
1006 3040 1108 3106 αὐτοὺς
1122 3037 1246 3107 Ἠέλιος

148 3142 270 3224 φαέθων
292 3141 474 3221 ἐπιδέρκεται
496 3141 680 3204 ἆκτίνεσσιν.
701 3164 774 3225 quae
797 3156 870 3204 sunt
892 3141 982 3205 etiam
1003 3139 1134 3204 Hesiodi
1152 3141 1245 3203 verbo

148 3245 179 3307 in
196 3244 361 3328 Theogon.
378 3260 451 3326 759.
491 3243 575 3320 Quin
592 3256 622 3306 et
638 3266 669 3305 se
684 3240 750 3327 ipse
765 3241 904 3305 imitatus
918 3257 982 3305 est:
1008 3241 1120 3306 Galen.
1137 3239 1196 3305 voi.
1215 3262 1245 3325 9.

149 3369 179 3431 p.
194 3346 270 3430 385.
285 3347 371 3409 Οὕτω
388 3346 436 3408 καὶ
451 3345 604 3427 Αἰσχύλος
619 3345 653 3408 έν
668 3346 827 3423 Ξαντρίαις
845 3342 995 3427 [fr.158.]

279 3498 314 3564 δς
328 3499 395 3560 ον”ντε
408 3495 521 3579 πέμφιξ
535 3496 622 3574 ἡλίου
636 3492 851 3574 προσδέρκεται

278 3597 337 3662 οὔτ’
354 3597 528 3678 ἀστερωπὸν
543 3598 622 3677 ὄμμα
637 3593 760 3681 Λητῷας
775 3598 869 3676 κόρης.
916 3595 1091 3660 BLOMF.

192 3765 263 3831 799.
281 3746 443 3832 Γοργόνες]
461 3748 626 3832 Gorgones
640 3758 728 3810 erant
749 3745 901 3832 Euryale,
918 3746 1046 3820 Stheno,
1062 3763 1094 3810 et
1110 3746 1246 3812 Medusa

150 3848 247 3936 (apud
267 3849 460 3912 Athenaeum
478 3863 511 3931 5.
531 3870 561 3932 p.
583 3866 656 3913 ναι.
679 3871 718 3911 ex
738 3848 921 3912 Alexandro
944 3849 1081 3935 Myndio
1103 3864 1247 3915 narratur

149 3953 300 4036 Gorgona
312 3974 333 4014 a
343 3952 375 4013 N
377 3949 541 4013 omodibus
555 3950 588 4012 in
603 3949 705 4034 Lybie
719 3949 833 4012 animal
848 3949 909 4012 dici
923 3950 974 4013 ovi
990 3951 1120 4015 silvestri
1136 3951 1246 4031 simile,

148 4053 235 4138 quod
258 4052 367 4117 habitu
390 4066 421 4114 et
442 4050 594 4137 adspectu
615 4065 813 4115 occurrentes
833 4051 1023 4133 interimet);
1055 4053 1139 4135 εἶχον
1160 4056 1193 4118 δὲ
1216 4059 1248 4119 αἱ

150 4157 296 4236 Γοργόνες
316 4155 451 4235 κεφαλὰς
470 4155 526 4231 μὶν
543 4153 827 4234 περιεσπειραμένας
841 4154 949 4234 φολίσι
963 4156 1140 4234 δρακόντων·
1163 4158 1248 4220 ὀδόν-

148 4283 202 4324 τας
216 4259 249 4319 δὲ
262 4255 415 4337 μεγάλους
429 4256 469 4320 ὥς
483 4261 574 4326 συῶν,
591 4256 639 4318 καὶ
653 4260 757 4336 χεῖρας
770 4259 897 4337 χαλκᾶς,
914 4256 961 4318 καὶ
974 4256 1120 4339 πτέρυγας
1134 4264 1248 4340 χρυσᾶς

149 4357 185 4420 δι’
200 4360 243 4421 ὦν
258 4358 410 4430 ἐπέτοντο,
426 4359 494 4424 τοὺς
508 4361 541 4422 δέ
557 4359 672 4424 ἰδόντας
684 4359 786 4424 λίθους
806 4359 937 4423 ἐποίουν.
961 4359 1148 4446 Apollodor.
1166 4381 1197 4439 ν,
1213 4381 1243 4440 4.

152 4461 252 4524 SCH.
