2978 5062
250 337 314 402 las
607 334 985 399 ANNOTATIONES

293 510 362 572 θεαί
380 505 419 592 τ’]
447 508 480 571 ts
501 509 569 570 θεαί
585 504 608 569 τ’
631 505 752 592 aliquot
772 505 863 569 codd.
901 507 1018 569 Versus
1038 505 1070 568 in
1094 503 1171 568 Ald.
1200 506 1242 569 sic
1260 505 1351 569 divisi

135 674 138 681 .
251 610 329 673 to-
346 609 353 695 Ι
372 609 639 673 θεαί-ύλεύσατε.
679 607 885 671 scribendum
902 629 966 670 uno
980 629 1072 671 versu

379 713 414 774 ld»
429 712 463 774 to
478 712 540 774 θεοὶ
555 711 624 774 θεαί
636 708 660 771 τ’
675 712 821 790 ὀρόμενον
835 710 926 772 κακόν
941 710 1098 773 ἀλεύσατε.

251 813 367 875 Versus
380 827 427 877 est
441 811 640 876 dochmiacus
654 809 789 874 admissa
803 809 834 872 in
850 812 912 874 fine
926 809 1046 898 syllaba
1061 811 1207 898 ancipite.

293 915 450 998 ὀρόμενον]
470 915 634 996 ὀρρόμενον
647 912 768 977 codices
783 910 912 997 aliquot.

294 1017 523 1100 tumescere]
541 1000 684 1081 ἆλεύσῖτε
700 1017 763 1092 M„
779 1041 799 1078 α
812 1014 854 1078 ab
867 1014 927 1079 alia
943 1038 1036 1079 manu
1052 1015 1219 1102 adscripto.

294 1119 345 1202 89.
367 1122 429 1202 βοᾷ
450 1120 525 1200 ὑπὲρ
546 1117 671 1202 τειχέων
682 1120 702 1181 ’ὁ
716 1119 879 1184 λεύκασπις
896 1120 1016 1199 ὄρνυται
1036 1118 1112 1186 λαὸς
1135 1118 1276 1200 εὐτρεπὴς
1293 1118 1350 1199 (sic

250 1223 303 1285 M.
319 1221 434 1307 aliique
448 1220 589 1285 nonnulli
604 1236 636 1285 et
647 1220 752 1285 Ros:
777 1220 923 1302 εύπρεττλς
937 1218 1046 1306 vulgo)
1061 1222 1109 1284 ἐπὶ
1119 1223 1210 1284 πόλιν
1224 1222 1350 1306 διώκων]

250 1322 439 1388 Absurdum
459 1336 504 1386 est
523 1325 597 1405 ὑπὲρ
618 1323 753 1406 τειχέων,
768 1344 868 1409 quum
890 1321 1046 1385 exercitus
1067 1321 1186 1386 hostilis
1207 1322 1349 1388 nondum

250 1423 292 1489 ad
306 1447 413 1488 muros
435 1424 521 1490 urbis
542 1423 728 1511 pervenerit,
744 1423 796 1487 sed
819 1446 838 1486 e
858 1423 1032 1510 longinquo
1054 1437 1175 1489 tantum
1198 1424 1238 1488 ab
1254 1426 1352 1489 choro

250 1525 468 1613 conspiciatur.
514 1527 672 1589 Praeterea
685 1524 899 1612 proximorum
918 1526 1084 1590 verborum
1108 1542 1241 1591 metrum
1265 1527 1351 1591 labo-

250 1641 311 1706 rat,
324 1627 366 1690 ad
381 1627 467 1712 quod
490 1625 716 1691 restituendum
739 1625 816 1691 nihil
839 1628 930 1714 plane
949 1628 1151 1692 contulerunt
1165 1629 1275 1707 critici,
1290 1630 1351 1693 nisi

250 1728 338 1817 quod
352 1729 427 1796 λαὸς
440 1751 460 1792 a
474 1727 604 1792 Pauwio
618 1741 762 1793 recteest
779 1729 811 1792 in
825 1731 903 1796 λεὼς
917 1743 1084 1795 mutatum.
1130 1733 1258 1795 Horum
1273 1755 1353 1818 quo-

251 1853 315 1917 que
328 1829 496 1894 verborum
517 1828 702 1916 scripturam
724 1830 892 1915 genuinam
914 1830 984 1895 loco
1005 1854 1100 1919 supra
1119 1831 1256 1898 indicato
1276 1856 1351 1920 pro-

250 1955 354 2020 P⁰⁸¹¹¹2

255 2074 262 2103 t
337 2038 399 2118 βοᾷ
412 2036 487 2115 ὑπὲρ
501 2033 623 2116 τάφρον
637 2035 840 2115 λευκοπρειτλς
853 2036 930 2102 λεὼς
944 2037 1063 2117 ὄρνυται
1078 2039 1126 2102 ἐπὶ
1140 2042 1239 2102 πόλιν.

251 2136 375 2212 sublato
388 2137 572 2223 glossemate
587 2137 707 2200 διόκον.
746 2135 952 2221 Adjectivum
966 2139 1168 2221 λευκοπρετής
1181 2139 1288 2204 lexicis
1305 2141 1353 2205 in.

251 2254 383 2304 seratur.
427 2239 510 2324 Ejus
538 2236 714 2324 explicandi
739 2260 848 2302 caussa
865 2237 1058 2326 adscriptum
1083 2241 1146 2305 fuit
1175 2245 1350 2319 λεύκασπις,

251 2329 337 2406 unde
351 2343 514 2408 λεύκασπις
529 2339 672 2423 εὐπρεπὴς
687 2339 735 2403 vel
751 2339 891 2422 εὐτρεπὴς
904 2340 1024 2405 factum
1038 2340 1079 2406 ab
1094 2341 1220 2407 librario
1233 2359 1289 2410 est.

255 2461 263 2513 ,’
296 2462 350 2529 90.
363 2444 539 2528 λεύκασπις]
554 2441 725 2528 Euripides
741 2441 894 2506 Plroeniss.
910 2446 1001 2509 1106.

257 2608 263 2619 ,
339 2547 512 2611 Λεύκασπιν
527 2546 690 2625 εἰσορῶμεν
704 2545 850 2626 Ἀργείων
864 2549 1002 2627 στρατόν.

254 2649 375 2715 Milites
396 2646 530 2734 gregarii
551 2645 677 2732 clypeos
697 2647 862 2732 gestabant
879 2647 970 2713 <nullo
984 2649 1096 2736 insigni
1112 2650 1284 2729 decoratos,
1300 2676 1353 2717 ex·

253 2751 368 2840 politos
391 2764 494 2813 tamen
517 2761 548 2811 et
575 2746 765 2834 splendidos,
787 2747 889 2835 qualis
907 2748 959 2814 ille
981 2754 1068 2838 apud
1091 2751 1254 2832 Plautum,
1280 2755 1353 2819 Mil.

255 2853 345 2919 Glor.
364 2873 393 2928 1,
412 2872 440 2914 1.

343 2955 461 3017 Curate
476 2966 512 3015 ut
526 2951 673 3038 splendor
688 2975 757 3017 meo
771 2953 811 3018 sit
825 2954 935 3042 clypeo
949 2954 1068 3032 clarior,

342 3057 444 3133 Quam
459 3052 531 3117 solis
544 3053 623 3117 radii
636 3077 701 3118 esse
715 3055 801 3132 olim,
815 3078 887 3119 curn
905 3056 1019 3121 sudum
1035 3073 1092 3136 est,
1107 3057 1217 3122 solent.

257 3157 411 3224 Laberius
425 3154 512 3242 apud
528 3154 665 3220 Gellium
687 3177 736 3235 10,
755 3172 806 3240 17.

256 3293 415 3381 Clypeum
430 3290 592 3356 constituit
605 3303 712 3356 contra
727 3291 915 3355 exorientem
932 3293 1106 3379 [orientem]
1124 3295 1355 3382 Hyperionem,

257 3395 374 3459 Oculos
389 3407 425 3458 ut
440 3407 545 3481 posset
558 3392 693 3457 effodere
707 3393 771 3478 [eff.
787 3409 824 3458 ut
839 3392 884 3481 ρ]
901 3393 1064 3481 splendore
1079 3418 1170 3461 aereo.

258 3547 339 3611 Iade
361 3561 446 3609 totus
466 3545 620 3608 exercitus
642 3547 814 3610 λεύκασπις.
853 3549 968 3611 Λενκόν
989 3547 1071 3611 enim
1093 3552 1233 3632 λαμπρόν
1254 3570 1356 3631 sonat,

257 3662 335 3712 teste
350 3645 533 3712 Callimachi
547 3645 716 3732 interprete
730 3645 770 3710 ad
787 3648 911 3733 Hymn.
926 3651 957 3722 6,
972 3667 1041 3734 123.
1056 3665 1088 3714 et
1104 3652 1247 3716 Homero
1263 3654 1304 3719 11.
1317 3656 1356 3732 Ξ,

260 3750 330 3835 185.
601 3831 711 3897 λευκὸν
725 3832 749 3896 δ’
763 3833 801 3913 ἦν
815 3834 915 3913 ἠέλιος
930 3838 977 3904 ὥς,

258 3965 342 4015 utet
356 3948 479 4015 Latinis
499 3950 557 4014 lua
575 3949 723 4014 condida.
769 3951 963 4037 Hujusmodi
984 3972 1145 4043 gestamen
1168 3956 1252 4043 plebi
1275 3959 1356 4023 mili·

259 4064 327 4116 tum
343 4051 509 4139 peculiare.
547 4050 659 4139 Virgil.
675 4054 754 4116 AEn.
771 4074 802 4137 9,
816 4055 891 4138 548.

602 4176 774 4241 parmaque
787 4155 939 4242 inglorius
951 4155 1034 4221 alba.

259 4253 319 4318 hoc
340 4268 396 4333 est,
418 4255 587 4342 interprete
610 4255 728 4336 servio,
743 4279 834 4344 paro
858 4268 889 4324 et
906 4260 1054 4337 candido,
1076 4282 1151 4348 qua,
1174 4263 1246 4328 licet
1268 4268 1358 4351 regis

247 4356 358 4443 filim,
373 4357 423 4420 att
435 4357 617 4445 cogebatur,
632 4357 708 4423 dam
729 4360 793 4424 tiro
813 4369 902 4437 mea
918 4361 967 4425 vel
984 4361 1079 4428 dorne
1099 4373 1265 4429 strenuam
1280 4367 1359 4452 qsta'd
