2978 5062
487 352 555 416 AD
579 350 937 415 PROMETHEUM.
1200 353 1266 421 119

159 515 257 581 brarii
272 517 393 585 αδδενδς
408 523 494 598 μεῖον
508 515 707 604 hyperbolice
721 514 841 579 dictum
856 538 922 580 esse
937 530 973 580 ut
988 517 1125 582 ἔλασσον
1139 517 1157 599 ἣ
1171 521 1264 599 μηδὲν

163 640 192 683 v.
208 619 284 704 938.

210 739 303 800 1014.
327 722 383 785 ἐδν
395 720 436 802 μη
451 720 522 806 τοῖς]
538 723 716 785 Paucorum
731 722 874 785 codicum
890 722 966 786 vitia
980 738 1053 787 sunt
1072 724 1112 788 δν
1131 727 1171 805 μδ
1192 730 1262 804 τοῖς,

163 821 203 887 δν
216 825 245 887 εί
256 823 297 903 μὴ
311 829 381 900 τοῖς,
397 823 435 887 δν
448 825 484 887 οὐ
497 824 538 904 μὴ
552 830 624 890 τοῖς.
663 825 702 886 Ι11
719 822 798 886 Ald.
815 825 870 887 ἐὰν
885 829 956 890 τοῖς.

206 924 344 1009 πεισθῇς]
359 926 446 1011 πείθῃ
459 924 580 1011 aliquot
595 925 688 989 codd.

211 1041 304 1111 1015.
318 1029 462 1108 τρικυμία,
478 1029 610 1091 Fluctus
623 1028 827 1104 decumarum,
844 1043 880 1092 ut
895 1027 1040 1093 dicebant
1052 1028 1177 1101 Latini;
1202 1026 1264 1095 ter·

164 1127 228 1191 tius
245 1127 329 1190 enim
343 1127 479 1213 quisque
492 1127 608 1192 fluctus
629 1128 785 1192 maximus
800 1151 865 1192 esse
881 1129 977 1214 vulgo
990 1129 1186 1207 credebatur,
1202 1131 1264 1209 vel,

166 1242 202 1292 ut
224 1229 339 1292 Festus
361 1228 467 1304 tradit,
491 1229 640 1293 decimus.
673 1229 765 1294 Plato
786 1231 826 1292 de
848 1231 930 1316 Rep.
952 1252 985 1314 5.
1008 1253 1040 1317 p.
1059 1248 1124 1315 472
1140 1234 1183 1296 A.
1206 1223 1264 1297 δύο

164 1331 274 1410 κύματε
289 1332 451 1412 ἐκφυγόντι
464 1330 498 1393 τὸ
511 1329 656 1412 μέγιστον
671 1333 719 1395 καὶ
733 1333 949 1414 χαλεπώτατον
963 1337 1015 1410 τῆς
1028 1336 1178 1414 τρικυμίας
1193 1333 1265 1398 ἐπύ·

164 1456 239 1512 γεις.
262 1430 426 1494 Plutarch.
440 1431 482 1496 de
505 1434 580 1496 Sera
595 1434 693 1497 Num.
709 1433 805 1497 Vind.
827 1453 914 1519 p..97
917 1450 948 1518 5.
965 1437 1006 1498 Τί
1018 1439 1076 1516 γδρ
1094 1437 1187 1499 δεῖτδ
1201 1438 1262 1518 cpl-

163 1557 218 1595 τον
232 1534 405 1615 ἐπενεγκεῖν
420 1538 504 1613 κῦμα,
522 1536 570 1597 καὶ
583 1538 846 1615 προσκατακλύσαι
859 1537 914 1600 τὸν
926 1540 1030 1619 λόγον,
1048 1541 1074 1601 εί
1087 1541 1125 1602 τὰ
1135 1539 1265 1619 πρότερα

163 1633 204 1712 μὴ
219 1636 427 1701 δυνατόςέστι
443 1638 628 1708 braccolum
653 1638 831 1702 Menander
843 1638 929 1724 apud
945 1639 1166 1703 Alexandrum
1183 1638 1265 1703 inter

166 1735 321 1800 Rhetores
334 1737 376 1800 ab
391 1735 480 1800 Aldo
494 1737 595 1800 editos
612 1741 704 1821 1508.
723 1759 750 1802 1.
767 1762 800 1824 p.
817 1743 891 1823 578.
906 1765 926 1803 a
941 1743 1083 1804 Porsono
1097 1741 1263 1817 indicatus,

164 1835 293 1918 Ἑτέραν
315 1845 490 1919 περιμεῖναι,
517 1839 649 1922 χάτέραν
671 1843 834 1922 τρικυμίαν.
868 1841 981 1927 Eurip.
1011 1842 1145 1928 Hippol.
1171 1861 1263 1928 1115.

166 1939 251 2025 Αὐτῷ
271 1941 305 2003 δὲ
324 1941 380 2004 σὺν
402 1942 528 2004 κλύδωνι
550 1943 598 2004 καὶ
623 1943 765 2025 τρικυμία,
783 1940 856 2021 Κῦμ’
881 1942 1000 2021 ἐξέθηκε
1020 1949 1138 2024 ταῦρον,
1159 1946 1265 2026 δγριου

165 2040 259 2121 τέρας.
284 2042 402 2105 Troad.
419 2044 469 2106 82.
486 2046 613 2124 Αἰγαῖον
626 2045 721 2124 πόρον
731 2045 902 2124 Τρικυμίαις
915 2045 1076 2124 βρέμοντα.
1102 2044 1264 2132 Lycophr.

165 2145 240 2222 476.
263 2149 385 2224 λαβρῶς
406 2146 543 2208 σαλεύων
564 2149 624 2208 πᾶν
647 2147 781 2230 τρικυμία
803 2146 904 2208 πέδον.
936 2146 1069 2230 Joseph.
1092 2147 1216 2210 Macch.
1234 2167 1263 2228 7.

166 2247 419 2324 καταντλούμενοι
454 2252 517 2313 ταῖς
553 2252 613 2310 τῶν
640 2246 787 2326 βασάνων
811 2249 980 2326 τρικυμίαις.
1022 2247 1167 2310 Marinus
1191 2248 1265 2312 Vita

167 2346 269 2410 Procli
284 2369 317 2431 p.
334 2364 389 2432 35.
406 2350 440 2411 ἐν
454 2347 529 2433 ζάλῃ
544 2351 601 2429 γὰρ
616 2349 774 2428 παρελθὼν
789 2347 837 2410 καὶ
850 2351 982 2431 τρικυμία
996 2349 1186 2430 πραγμάτων.
1210 2349 1265 2413 ubi

167 2448 229 2511 vid.
246 2449 429 2513 Boissonad.
453 2450 659 2537 Hipparchus
671 2450 953 2536 Pythagorcnsop.
965 2451 1138 2527 Stobaeum,
1156 2450 1265 2535 (Galci

166 2572 199 2636 p.
218 2551 284 2634 19.)
307 2553 375 2616 οὔτε
397 2551 553 2631 δννόμενοι
577 2556 757 2629 κατανοῆσαι
780 2552 834 2614 τόν
856 2559 966 2615 τετῶν
990 2555 1162 2633 παρεόντων
1181 2556 1263 2632 βίον,

167 2655 216 2717 καί
235 2655 288 2717 τὸν
302 2660 361 2717 τῶν
377 2656 618 2735 παρεστακότων,
635 2657 669 2717 ἐν
688 2656 774 2719 ὅσαις
795 2661 962 2735 συμφοραῖς
984 2656 1032 2716 καὶ
1053 2660 1148 2717 κακῶν
1168 2679 1264 2735 τρικυ-

165 2759 246 2835 μίαις
260 2758 309 2820 καὶ
324 2761 378 2819 νῦν
393 2756 454 2819 ἐντί
468 2758 588 2829 πολλοὶ,
605 2757 654 2819 καὶ
670 2756 727 2836 πρὸ
742 2761 794 2818 τοῦ
811 2755 962 2838 ἐγένοντο.
1002 2755 1173 2819 Scholiasta
1188 2755 1264 2819 Pin-

167 2858 234 2921 dari
251 2857 363 2921 Isthm.
382 2858 408 2920 l.
424 2874 477 2941 52.
493 2859 542 2920 καὶ
555 2856 695 2924 Ἀλκαῖος
709 2857 762 2935 τὴν
778 2860 941 2940 δυστυχίαν
954 2865 1086 2941 χειμῶνα
1105 2860 1154 2922 καὶ
1167 2883 1263 2939 τρικυ-

166 2963 237 3039 μίαν
256 2959 351 3043 λέγει.
376 2959 429 3023 ubi
453 2958 543 3044 plane
566 2958 734 3044 legendum
749 2975 796 3023 est
812 2963 982 3043 Αίσχύλος;
1007 2983 1078 3024 narn
1102 2977 1175 3024 sunt
1197 2960 1265 3047 ipsa

169 3062 263 3125 nostri
279 3062 385 3125 verba.
408 3062 589 3125 Aristaenet.
606 3064 667 3147 Ep.
688 3082 715 3138 1,
736 3080 783 3144 17.
800 3063 848 3125 καὶ
862 3065 1011 3142 τρικυμίας
1025 3063 1078 3125 τὸν
1090 3065 1201 3143 τρόπον
1215 3066 1267 3142 τῆς

167 3164 296 3227 ἆστότου
319 3165 467 3230 σαλεύεις.
489 3163 575 3248 quod
598 3162 638 3225 de
663 3165 796 3247 τρικυμία
817 3164 952 3227 absurde
977 3164 1095 3227 dictum
1118 3181 1183 3236 est;
1208 3164 1265 3228 etsi

168 3264 311 3328 θάλασσα
330 3264 445 3328 dicitur
465 3266 595 3331 ἄστυτος
615 3265 732 3328 comico
746 3287 797 3350 ap.
818 3264 914 3328 Dion.
931 3265 1091 3349 Chrysost.
1108 3268 1196 3329 Orat.
1211 3285 1263 3350 32.

168 3365 231 3430 Ed.
249 3365 396 3429 Sambuci
410 3367 587 3447 τρικυμίαις;
613 3365 697 3429 unde
712 3366 851 3451 suspicor
867 3365 1034 3450 legandum
1050 3389 1125 3443 esse,
1141 3368 1189 3429 καὶ
1203 3392 1265 3448 τρι·

168 3470 293 3546 κυμίοις,
308 3470 419 3549 τρόπον
433 3469 502 3548 νηὸς
517 3468 656 3541 ἀστάτου,
673 3470 822 3540 σαλεύεις.
842 3466 984 3551 sequitur
1005 3466 1087 3528 enirn
1111 3468 1193 3545 κοινὴ
1207 3471 1264 3548 γδρ

168 3573 250 3647 ναῦς,
264 3569 362 3637 κοινὸς
375 3572 517 3636 κίνδυνος·
541 3573 558 3632 ό
572 3571 768 3651 παροιμιώδης
782 3568 934 3647 διετάξατο
949 3570 1050 3649 λόγος.
1088 3566 1264 3654 Alciplrron

167 3672 232 3757 Ep.
256 3692 285 3747 1,
303 3693 334 3756 3.
357 3694 390 3757 p.
412 3672 459 3735 18.
484 3672 518 3734 τὸ
539 3675 592 3738 τὰς
613 3673 763 3752 τρικυμίας
787 3671 924 3737 καὶτοὺς
947 3672 980 3734 ἐκ
1000 3671 1094 3750 βύθου
1115 3672 1266 3738 κινδύνους

167 3775 324 3855 δγνοῆσαι.
358 3772 486 3835 Firrnus
516 3773 663 3858 Episcop.
695 3774 811 3836 Caesar.
837 3772 869 3835 in
900 3771 1003 3858 Epist.
1026 3795 1078 3858 ap.
1107 3774 1264 3836 lllurator.

167 3873 323 3938 Anecdot.
340 3875 384 3937 T.
400 3891 431 3958 5.
448 3896 478 3959 p.
492 3893 565 3957 292.
581 3872 635 3936 Ἐκ
649 3881 794 3956 χειμῶνος
814 3876 862 3937 καὶ
876 3876 1024 3954 τρικυμίας
1039 3873 1173 3956 γαλήνην
1185 3874 1265 3939 εἶδον

168 3977 216 4038 καὶ
237 3974 360 4056 ἡμέραν,
375 3975 408 4037 τὸ
430 3979 482 4038 τοῦ
503 3977 607 4057 λόγου,
628 3974 748 4053 λευκήν.
772 3974 826 4038 ubi
848 3974 972 4059 respicit
994 3997 1054 4037 non
1079 3977 1172 4038 modo
1186 3977 1265 4040 Pro-

168 4075 281 4140 methei
306 4098 441 4153 versum,
466 4077 518 4140 sed
543 4076 657 4163 Eurip.
680 4079 783 4140 Orest.
803 4094 876 4160 175.
900 4090 933 4139 et
953 4075 1153 4160 proverbium
1173 4079 1264 4158 λευκὴ

165 4177 270 4259 ἡμέρα
293 4201 360 4265 quo
376 4200 451 4241 usus
464 4192 510 4241 est
524 4177 659 4262 Eupolis
672 4178 705 4242 in
723 4180 846 4256 Κόλαξι.
869 4177 1044 4241 BLOMF.

214 4290 307 4352 1016.
324 4286 465 4372 ἄφυκτος]
480 4280 616 4369 ἆφύκτύῖς
632 4288 681 4351 Μ.

210 4389 325 4474 ὀκρίδα]
341 4391 445 4469 ἀκρίδα
460 4388 538 4453 Ald.
554 4387 638 4454 Rob.
