2978 5062
276 323 321 389 60
638 330 1016 395 ANNOTA'I'IONES

278 493 406 569 tiburti,
421 497 476 582 qui
492 511 620 583 propter
636 498 772 562 vicinum
792 502 888 582 ἰατροί
899 501 940 564 sd
954 500 1033 565 illud
1044 500 1174 565 verbum
1189 499 1374 573 aberrasset,

278 594 400 661 illatum
416 621 492 675 esse,
511 599 697 686 AEsebylum
714 623 788 664 vero
802 603 891 684 ὀργῆς
914 603 1034 683 (solorre
1055 601 1211 687 scripsisse
1232 598 1373 663 credam:

278 698 365 783 quod
379 699 482 785 ipsum
497 723 534 765 es
556 702 588 765 vi
610 703 770 767 sententiae
792 704 897 790 posuit
911 703 1107 767 Themistius
1124 715 1202 766 orst.
1219 718 1249 776 7.
1272 723 1303 785 p.
1320 700 1371 782 98.

278 799 436 881 φόρμακου
456 804 488 865 δὲ
508 806 597 886 ὀργῆς
619 806 804 883 αίδοινοιίσης
824 806 859 869 τὸ
875 807 932 885 μὲν
949 807 1051 869 αὐτίκα
1072 805 1165 886 λόγος
1188 803 1281 876 ἐστίν,
1297 799 1320 886 ᾧ
1336 801 1375 864 σὺ

277 908 435 980 τηνικαῦτα
461 905 607 986 ἐπρόῦνας
635 908 848 988 σφαδάζουσαν
873 909 921 971 καί
948 907 1075 983 (luscus
1098 906 1153 973 ἔτι.
1189 906 1305 968 Versus
1333 923 1373 965 ex

277 1003 432 1092 AEsclrylo
445 1006 487 1071 nb
500 1008 626 1072 Stobaeo
639 1008 753 1072 citatus
775 1008 883 1073 Floril.
901 1029 953 1087 νο,
972 1029 1023 1093 13.
1039 1012 1128 1091 ὀργῆς
1148 1004 1274 1088 ματαίας
1296 1005 1373 1069 είσὶν

277 1107 365 1169 αίτιοι
386 1106 484 1188 λόγοι,
499 1130 562 1172 non
584 1109 683 1195 liquet
700 1123 806 1173 utrum
827 1133 867 1178 ex
889 1113 960 1176 loco
974 1109 1154 1175 Promethei
1169 1107 1311 1172 detortus
1332 1127 1371 1167 nn

275 1206 402 1271 aliunde
417 1225 540 1280 sumtus
554 1210 603 1275 sit.

318 1322 393 1391 379.
414 1309 590 1396 μαλθάσσῃ]
610 1313 752 1391 μολθόσῃ
772 1312 851 1377 Αίό.
874 1312 959 1376 Rob.
984 1326 1016 1376 et
1037 1311 1157 1397 aliquot
1177 1307 1269 1374 codd.
1291 1307 1372 1372 inter

274 1429 355 1492 quos
377 1409 428 1471 M.
456 1413 565 1476 “Huc
586 1414 736 1498 respicere
751 1413 875 1478 videtur
889 1435 998 1478 versus
1018 1435 1069 1498 ορ.
1086 1411 1181 1475 schol.
1197 1412 1307 1474 Venet.
1330 1407 1370 1471 ad

276 1507 318 1572 ll·
334 1516 370 1588 Α,
388 1530 461 1594 207.
478 1513 512 1576 τὸ
528 1519 706 1596 Σφριγῦντο
721 1515 814 1596 θνμόν
827 1521 972 1593 μαλακοῖς
986 1517 1065 1578 ίῖιται
1078 1511 1190 1594 λόγοις.
1215 1511 1269 1576 ubi
1289 1525 1371 1574 recte

274 1608 444 1676 Elmsleius
456 1614 591 1692 μαλακὸς
604 1618 682 1679 ίᾶται
696 1614 816 1698 λόγος.”
840 1617 1014 1680 BLOMF.

315 1715 390 1798 380.
409 1715 595 1801 σφριγῶντα]
610 1723 771 1799 σφυδῶντο
786 1719 835 1781 Μ.

317 1816 470 1902 ίοχναίνῃ]
485 1819 633 1902 ίσχναίνει
648 1819 698 1882 Μ.
735 1819 802 1883 Alii
818 1818 958 1883 nonnulli
975 1820 1105 1903 ίσχαίνῃ.

313 1916 388 1999 381.
410 1924 626 1999 προμηθεῖσθαι
640 1922 723 1984 ΑΒ.
738 1920 853 2007 aliique
875 1919 1016 1985 nonnulli
1038 1932 1069 1985 et
1088 1918 1171 1983 Rob.
1210 1917 1368 2002 Plerique,

270 2015 352 2083 inter
365 2042 446 2105 quos
463 2022 525 2097 M.
540 2027 754 2103 προθυμεῖσθαι
770 2039 805 2088 ut
820 2023 896 2088 Ald.
912 2040 941 2087 et
958 2025 1061 2087 Tum.

313 2120 388 2204 384.
405 2121 493 2200 τήνδε
506 2123 561 2202 τὴν
574 2122 668 2188 νόσον
684 2125 826 2204 Barcen,
838 2147 934 2212 supra
948 2146 1071 2189 versum
1085 2124 1125 2201 B,
1138 2124 1241 2186 Turn.
1255 2120 1364 2207 steph.

271 2219 361 2286 Libri
375 2220 486 2308 reliqui
500 2228 571 2311 τῇδε
585 2228 620 2312 τῇ
636 2225 725 2313 νόσῳ.

312 2323 388 2408 385.
412 2329 511 2388 δοκεῖν
536 2325 672 2410 φρονεῖν]
699 2332 824 2408 φρονεῖν
849 2332 949 2393 δοκεῖν
976 2324 1097 2412 aliquot
1125 2322 1256 2397 codices,
1286 2321 1367 2384 inter

268 2444 348 2508 quos
363 2425 414 2490 M.

311 2527 386 2611 388.
410 2527 513 2612 οὑμὸς]
538 2529 608 2607 ἐμός
631 2528 730 2592 codex
757 2528 910 2592 Aruudel.
937 2542 969 2592 et
993 2526 1072 2591 Ald.
1103 2530 1242 2608 ((θρῆυος
1266 2526 1365 2605 οὑμός.

268 2627 371 2692 Dolor
381 2628 417 2691 ob
428 2648 476 2691 me
486 2637 661 2715 susceptus,
674 2644 709 2692 ut
720 2630 774 2708 τὴν
785 2628 858 2708 ἐμὴν
869 2631 953 2705 atto,
966 2629 1052 2690 Pers.
1066 2625 1141 2709 698.
1157 2628 1197 2711 σῇ
1212 2627 1302 2710 ποθῇ,
1312 2648 1364 2709 ap.

269 2729 404 2793 Homer.
425 2728 466 2792 Il.
485 2734 521 2792 Τ.
544 2748 620 2812 321.
640 2730 749 2810 τούμοῦ
773 2727 876 2802 πόθου,
899 2727 1046 2814 Sophocl.
1067 2726 1146 2791 (Ed.
1167 2728 1209 2790 T.
1225 2728 1299 2812 969.
1323 2729 1364 2810 τῷ

268 2827 322 2914 ’uqi
350 2827 442 2915 πόθιρ,
465 2829 544 2894 OEd.
564 2832 602 2894 C.
623 2848 695 2916 332.
720 2832 762 2910 “ll
784 2831 940 2913 προμηθία,
963 2828 1038 2892 ibid.
1057 2848 1133 2911 419.
1158 2835 1224 2895 σοῖς
1249 2825 1363 2903 πόθοις,

271 2949 364 3011 1412.
380 2936 431 3010 τῆς
445 2934 515 3012 ἐμῆς
529 2934 699 3014 ὑπουργίας,
715 2931 848 2996 Ατίοιοι.
861 2932 984 3017 Hymn.
995 2930 1035 2993 ed
1049 2929 1163 2993 Virtut.
1176 2929 1263 3016 apud
1276 2930 1364 2994 Stob.

268 3055 300 3118 p.
317 3049 345 3114 7.
368 3036 494 3119 προναία
514 3038 549 3114 τῇ
573 3036 622 3121 σῇ,
637 3033 750 3120 Eurip.
767 3032 922 3098 Andium.
938 3033 1014 3095 660.
1037 3034 1196 3116 δυσμενείᾳ
1213 3035 1264 3118 σῇ,
1280 3031 1364 3118 Hip-

267 3133 332 3220 pol.
349 3137 441 3221 962.”
464 3137 640 3201 BLOMF.

310 3238 385 3323 389.
410 3243 548 3304 θακοῦντι
570 3239 665 3302 Β.Μ.
680 3238 795 3325 aliique
817 3235 958 3302 nonnulli
981 3252 1013 3301 et
1029 3236 1112 3300 Rob.
1150 3235 1278 3322 Reliqui
1297 3261 1365 3314 κρα-

267 3342 366 3405 τοῦντι
378 3363 450 3405 cum
466 3340 543 3405 Ald.
559 3342 663 3406 Turn.

310 3460 386 3525 391·
401 3442 549 3528 orosa]
565 3445 706 3524 συμφορὰ
719 3440 799 3506 libri.

310 3561 386 3625 393.
402 3540 544 3628 ἐθῶῦξος]
559 3545 726 3622 ίπεθόϋξας
737 3541 858 3628 aliquot
871 3540 962 3606 codd.
977 3555 1010 3605 et
1025 3540 1103 3604 Ald.

312 3663 385 3727 394.
400 3643 508 3724 λευρὸν
522 3647 579 3725 γὰρ
594 3644 691 3728 οἶμον]
706 3649 820 3724 λευρῶν
835 3646 892 3725 γὰρ
907 3645 999 3721 οίμνν
1014 3643 1092 3705 Ven.
1110 3659 1139 3705 2.
1154 3654 1185 3705 et
1203 3641 1286 3705 Rob.

311 3746 417 3828 ψαίρει
431 3745 470 3808 B.
486 3744 518 3807 in
534 3745 673 3830 margine
687 3759 719 3809 et
733 3747 836 3808 Turn.
860 3743 952 3807 Libri
967 3742 1077 3828 reliqui
1092 3744 1195 3825 ψαύει,
1208 3743 1265 3809 uisi
1278 3743 1363 3830 quod

268 3853 352 3895 unus
365 3833 471 3912 ψαύοι,
487 3844 522 3895 ut
538 3830 616 3896 Ald.
1295 3836 1297 3841 ’

311 3935 423 4015 ψοίριυ,
433 3933 522 3998 rodo.
547 3932 652 3998 Schol.
662 3931 801 4019 Oppian.
812 3930 886 3994 Hal.
898 3948 927 4004 2,
942 3947 1012 4013 115.
1024 3930 1058 3995 τὸ
1070 3932 1192 4010 ψοίρειν
1203 3933 1306 4012 κυρίοις
1315 3933 1365 3995 ἐπί

268 4038 321 4096 τοῦ
332 4037 438 4111 ἱστίου,
454 4036 504 4099 ὅτε
517 4036 557 4114 μὴ
572 4036 696 4099 εὐπλοεῖ
705 4030 821 4119 εόφόριρ
832 4031 940 4116 ἀνόμῳ.
968 4031 1079 4118 virgil.
1090 4032 1191 4095 Radit
1201 4033 1264 4097 iter
1271 4033 1364 4119 liqui-

268 4135 353 4198 όιιιιι.
369 4157 459 4199 sensu
476 4135 615 4221 puullum
630 4136 754 4201 diverso
767 4158 786 4198 α
798 4134 882 4218 ψθα,
898 4134 945 4197 vel
961 4137 1050 4216 ψῆμι,
1060 4147 1091 4196 et
1105 4135 1207 4215 ψοόιυ,
1217 4133 1274 4197 etsi
1289 4156 1363 4199 enu-

268 4237 340 4303 dem
352 4237 497 4301 omnibus
511 4251 694 4323 potestatem
704 4236 815 4301 tribuit
824 4234 972 4299 Valcken.
984 4234 1023 4299 nd
1038 4233 1191 4297 Pboeniss.
1206 4253 1298 4320 1309.
1310 4257 1364 4298 cu·

262 4338 317 4425 jus
335 4354 439 4402 notum
455 4338 581 4401 omuino
595 4339 698 4402 adens.
733 4336 865 4421 Anglice
882 4335 1023 4400 verterim
1046 4336 1118 4417 ψόο
1139 4356 1260 4422 serape,
1274 4338 1364 4418 ψαύω

268 4438 366 4519 rossel,
380 4440 644 4526 ψαίρορυοαιυοί
655 4461 739 4503 racc.
762 4437 978 4523 compositum
989 4439 1136 4518 διοψοίρο
1145 4438 1364 4504 occurritAri-
