2978 5062
505 504 963 607 PRAEFATIO.

598 763 874 803 „4-

191 925 283 1037 DE
306 957 485 1029 codicibus
501 953 656 1047 AEschyli
675 955 725 1024 ita
741 953 809 1024 hoc
826 953 903 1024 loco
921 954 1038 1024 dicere
1054 954 1141 1023 mihi
1159 975 1284 1045 propo-

189 1077 297 1145 situm
330 1082 385 1142 est
418 1079 460 1141 ut
490 1092 551 1140 eos
583 1077 725 1139 tantum
758 1069 932 1162 attingam
962 1092 1112 1159 quorum
1140 1070 1185 1139 ad
1215 1069 1283 1137 hoc

190 1211 301 1279 usque
317 1195 458 1278 tempus
474 1184 576 1276 copia
592 1183 786 1252 editoribus
803 1183 881 1253 fuit.
934 1183 999 1254 Est
1015 1184 1124 1276 igitur

242 1328 269 1370 1.
298 1301 352 1372 Μ.
380 1300 597 1390 (Mediceus)
628 1295 853 1368 Florentinus
879 1298 1101 1368 bibliothecae
1128 1297 1284 1367 Lauren-

190 1418 293 1487 tianae
318 1415 431 1508 plutei
456 1439 509 1506 32,
527 1440 559 1505 9.
583 1413 872 1482 membranaceus
897 1413 1010 1483 forma
1025 1414 1204 1503 quadrata,
1230 1434 1284 1482 sc-

189 1530 270 1601 culo
294 1529 446 1622 scriptus
470 1528 608 1596 decimo
633 1524 691 1596 vel
715 1526 912 1607 undecimo,
938 1535 1075 1619 septem
1096 1526 1284 1618 tragoedias

190 1643 383 1737 Sophoclis,
401 1643 552 1712 totidem
577 1639 745 1732 AEschyli,
768 1638 1020 1732 Apolloniique
1041 1638 1285 1733 Argonautica

190 1756 440 1850 complectens.
480 1753 637 1847 AEschyli
661 1753 859 1824 fabularum
882 1751 1284 1846 (fol.119—189.)ordo

190 1872 248 1942 hic
275 1879 395 1943 estut
418 1869 543 1941 Persas
565 1869 745 1962 excipiant
767 1868 1025 1964 Agamemnon,
1052 1868 1283 1960 Choephoroe‚

192 1985 435 2067 Prometheus,
462 1985 687 2068 Eumenides,
716 1984 874 2077 Septem,
905 1984 1100 2077 Supplices.
1144 1984 1188 2053 In
1214 1984 1286 2054 fine

191 2103 359 2193 scriptum
376 2100 422 2171 ab
439 2099 590 2183 librario
606 2096 704 2177 Τέλος
729 2097 857 2176 δεδωκὼς
881 2097 1000 2193 Χριστέ
1016 2128 1063 2168 σοι
1088 2098 1178 2192 χάριν
1194 2098 1284 2191 φέρω.

191 2213 469 2308 Agamemnonis
493 2236 572 2304 pars
588 2213 744 2282 maxima
760 2210 1119 2303 Choephororumque
1143 2211 1286 2281 initium

191 2331 427 2400 desideratur:
453 2327 663 2398 exciderunt
687 2325 783 2395 enirn
808 2324 892 2395 folia
914 2324 1193 2418 Agamemnonis
1210 2350 1287 2397 ver-

191 2468 249 2516 sus
272 2449 482 2537 311—1066.
510 2447 739 2531 uec-1673.
768 2447 807 2510 et
832 2439 1120 2532 Choephororum
1151 2436 1287 2511 iaeo‘twc

192 2560 396 2654 prologique
413 2568 550 2652 partem
568 2559 718 2650 priorem
735 2555 930 2648 complexa.
977 2556 1182 2649 Inspectum
1200 2557 1285 2627 olim

191 2677 307 2746 obiter
331 2698 352 2744 a
378 2673 486 2745 Petro
504 2673 668 2745 Victorio
685 2671 819 2765 primus
844 2671 963 2764 paullo
981 2671 1184 2766 diligentius
1204 2696 1286 2743 con-

192 2789 276 2859 tulit
292 2788 472 2858 Antonius
490 2787 608 2858 Maria
621 2786 818 2857 Salvinius⁸
833 2795 1107 2878 excerptamque
1125 2788 1286 2859 lectionis

192 2904 432 2973 diversitatem
461 2900 569 2971 Petro
596 2900 808 2971 Needhamo
836 2901 933 2970 misit
957 2923 989 2970 a.
1019 2922 1112 2991 1715.
1143 2903 1286 2993 cnjuse

192 3007 407 3088 bibliotheca
431 3017 476 3086 ad
497 3014 696 3085 Askevium
722 3015 902 3107 pervenit:
929 3039 999 3106 qua
1020 3016 1208 3088 collatione
1231 3019 1285 3088 usi

192 3140 275 3202 sunt
292 3130 460 3201 Butlerus
477 3143 514 3199 et
532 3128 771 3212 Blomfieldus‚
789 3152 916 3199 novam
934 3146 1082 3222 eamque
1100 3132 1185 3202 locis
1208 3131 1287 3224 plu·
1388 3212 1390 3215 ¹

192 3246 289 3315 rimis
314 3245 566 3315 accuratiorem
596 3244 751 3314 instituit
779 3245 983 3316 Franciscus
1013 3248 1057 3315 de
1085 3247 1199 3326 Furia,
1225 3247 1286 3315 ad-

185 3362 320 3451 jectam
347 3358 504 3451 AEschyli
529 3358 675 3428 editioni
694 3356 935 3451 Weigelianae,
953 3383 1030 3450 quae
1057 3360 1183 3451 Lipsiae
1207 3382 1286 3452 pro·

192 3476 258 3544 diit
274 3498 305 3544 a.
328 3480 419 3563 1827.
463 3472 582 3564 Hujus
598 3474 728 3543 codicis
744 3473 934 3544 lectionem
950 3497 1017 3568 ego
1033 3474 1179 3545 exhibui
1196 3477 1287 3545 inte-

190 3608 299 3681 gram,
326 3611 435 3678 quum
465 3596 503 3657 et
535 3596 640 3658 aetate
673 3597 711 3657 et
737 3588 950 3659 auctoritate
983 3591 1109 3660 ceteris
1142 3598 1285 3681 praestet

192 3703 365 3773 omnibus.

231 3905 247 3937 ⁸
267 3894 350 3953 Idem
370 3893 495 3973 inspexit
509 3894 602 3974 plutei
614 3913 663 3970 31·
680 3896 807 3955 codicem
827 3915 852 3954 1.
867 3896 1049 3955 chartaceum
1069 3894 1160 3955 seculi
1179 3915 1189 3954 r
1195 3911 1224 3973 5.
1239 3898 1287 3955 cui

193 3989 394 4059 Prometheus,
411 3990 530 4069 Septem
551 4001 581 4049 et
603 3991 700 4049 Persae
720 3991 832 4059 insunt,
855 3989 1147 4071 Philelphianmnque
1162 3994 1284 4061 vocavit,

191 4084 287 4151 credo,
303 4084 382 4163 quod
396 4084 465 4143 olim
480 4084 629 4164 Philelphi
642 4086 740 4144 fuerit.
770 4087 867 4164 Hujus
881 4088 1018 4148 ecdiciae
1032 4089 1205 4148 Blomfieldo
1219 4110 1285 4169 pas·

191 4179 245 4237 aim
266 4181 378 4239 mentio
391 4182 468 4240 facta
481 4191 535 4239 est.
578 4180 664 4239 Falsa
677 4182 808 4259 quedam
828 4182 865 4241 de
885 4203 920 4242 eo
938 4184 1053 4244 rettulit
1074 4187 1112 4244 G.
1128 4187 1286 4264 Burgeains

191 4274 222 4332 in
236 4287 335 4337 annot.
350 4277 388 4336 ad
402 4276 555 4357 Supplices
569 4298 598 4356 p.
612 4297 661 4351 4¹·
677 4279 799 4337 Burneii
813 4278 898 4357 culpa
912 4279 942 4336 in
957 4299 1083 4340 errorem
1096 4281 1243 4340 inductus.

706 4381 771 4446 ab
