2978 5062
358 348 426 410 AD
449 348 642 411 SEPTEM
665 349 915 413 ADVERSUS
939 352 1140 415 THEBAS.
1233 354 1296 415 153

244 530 318 596 243.
334 514 526 599 ἁρπαλίζετε]
538 516 640 578 Avida
651 520 787 603 recipite.
812 518 951 603 Hesych.
967 515 1193 599 Ἀρπαλίζομαα
1206 522 1297 599 ἀσμέ-

196 637 257 679 νως
279 614 413 698 δέχομαι.
447 618 582 679 Eumen.
602 619 676 701 981.
693 622 870 700 ἀντιφόνους
892 622 963 686 ἄτας
985 622 1151 700 ἁρπαλίσαι
1171 623 1296 688 πόλεως.

200 713 373 778 Rarissima
386 733 432 780 est
448 717 612 780 verborum
625 719 924 805 frequentativorum
943 720 1052 798 forma,
1068 721 1108 784 de
1122 746 1186 807 qua
1200 722 1296 786 disse·

200 816 263 879 ruit
280 816 521 894 Valckenarius,
536 819 577 883 ad
593 821 705 907 Eurip.
719 822 852 909 Hippol.
868 843 937 906 230.
955 823 1009 886 ubi
1025 836 1126 886 exstat
1136 826 1298 902 δαμαλίζω.

200 919 381 984 Occurrunt
400 921 485 1006 apud
511 922 686 986 Homerum
710 927 884 999 δνοπαλίζω,
902 927 1155 1005 ἐντροπαλίζομαι,
1172 925 1211 988 de
1225 927 1297 1011 qui-

202 1019 261 1084 bus
274 1023 417 1109 Etymol.
434 1025 483 1086 M.
508 1047 536 1109 p.
554 1043 629 1108 345,
644 1046 697 1108 37.
720 1033 841 1090 τοιαῦτα
855 1027 888 1088 δέ
906 1029 965 1089 εἰσι
978 1026 1093 1108 ῥήματα
1108 1027 1166 1089 ἀπὸ
1182 1033 1241 1090 τῶν
1256 1032 1299 1094 είς

200 1129 244 1201 ase,
267 1132 448 1211 πλεονασμῷ
473 1132 526 1190 τοῦ
547 1115 596 1194 αἶ’
620 1133 685 1193 οίον
709 1131 824 1206 πύκτης,
848 1130 980 1202 πυκτίζω,
1006 1131 1180 1203 πυκταλίζω,
1207 1128 1297 1193 Ἀνα-

200 1224 304 1306 κρέων.
331 1228 379 1290 καὶ
407 1230 541 1310 Σόφρων
567 1232 661 1314 φησὶν
686 1231 745 1294 ἀπὸ
775 1236 826 1293 τοῦ
851 1232 992 1302 πυκτεύω,
1019 1233 1200 1294 πυκταλεόω.
1247 1234 1300 1296 lta

201 1325 380 1414 legendum.
416 1333 625 1397 Anacreontis
658 1332 759 1396 locum
793 1332 867 1395 citat
897 1330 1044 1394 Eustath.
1074 1331 1105 1393 io
1137 1332 1230 1396 Iliad.
1260 1339 1298 1397 Ψ.

202 1453 234 1516 p.
254 1449 346 1516 1322,
362 1452 416 1516 53.
432 1435 471 1500 ὡς
484 1436 524 1514 μὴ
539 1434 613 1515 πρὸς
626 1435 679 1498 τὸν
689 1432 809 1515 Ἔρωτα
823 1436 997 1507 πυκταλίζω.
1020 1434 1195 1497 BLOMF.

194 1605 197 1610 ,
247 1551 318 1614 244.
349 1535 426 1598 Post
450 1539 596 1614 βόσκεται
620 1559 741 1601 comma
770 1551 916 1621 ponatur.
956 1537 1069 1621 Neque
1095 1535 1176 1599 eninr
1207 1541 1299 1623 τούτῳ

202 1635 291 1718 φόβῳ
317 1652 391 1700 sunt
416 1637 645 1723 conjungenda,
672 1637 725 1700 sed
751 1638 846 1700 verba
875 1641 963 1721 φόβῳ
992 1644 1110 1718 βροτῶν
1138 1640 1178 1703 ad
1208 1643 1300 1725 τούτῳ

199 1735 376 1821 explicandi
391 1760 499 1802 caussa
513 1755 586 1803 sunt
600 1739 731 1826 adjecta.

245 1840 328 1923 φόνῳ
344 1841 482 1904 Α.Β.Μ.
498 1841 613 1926 aliique
627 1855 659 1905 et
674 1841 758 1905 Rob.
776 1842 879 1904 Turn.
920 1842 1143 1905 Revocamlum
1159 1845 1245 1929 quod
1268 1845 1300 1908 in

202 1938 269 2003 aliis
282 1942 441 2007 codicibus
456 1959 486 2008 et
502 1944 579 2007 Ald.
595 1960 641 2006 est
657 1945 755 2028 φόβῳ.
789 1951 809 1981 “
823 1947 925 2021 Verte,
943 1947 1005 2008 Per
1019 1947 1199 2031 ίιιῳιικυιοιίὶ
1217 1950 1300 2010 enim

187 2044 403 2127 formidinem
425 2047 605 2109 mortalium
622 2048 758 2109 Mavors
768 2048 963 2132 pinguescit,
982 2048 1026 2110 uti
1047 2064 1130 2111 recto
1152 2049 1301 2135 interpre-

204 2161 289 2209 tatur
303 2148 496 2214 sclroliasta.”
520 2149 694 2213 BLOMF.

248 2251 320 2327 246.
335 2250 375 2330 μὴ
391 2252 458 2333 νῦν]
477 2249 683 2314 Scribendum
699 2248 739 2326 μή
756 2274 808 2312 νυν
823 2271 893 2312 cum
913 2251 1107 2314 Blomlieldo.

249 2369 320 2433 247.
336 2355 440 2436 γῆθεν]
459 2357 548 2431 δῆθεν
563 2353 668 2414 Τυτο.

249 2454 470 2540 κυκλουμένων]
495 2458 695 2534 κυκλούμενον
710 2452 794 2516 Rob.
812 2454 916 2538 Mosq.
932 2473 959 2516 r.
984 2455 1045 2518 Sed
1061 2456 1139 2520 bene
1155 2455 1248 2520 sclrol.
1259 2460 1301 2520 A.

190 2554 338 2640 *explicat
351 2556 567 2635 κυκλουμένων,
584 2561 642 2617 τῶν
656 2555 819 2631 πολεμίων.
845 2553 1019 2618 BLOMF.

248 2657 321 2737 248.
359 2657 477 2741 οὐκοῦν]
517 2659 623 2723 οὔκουν
652 2678 724 2721 cum
756 2654 996 2740 interrogatione
1032 2656 1063 2719 in
1103 2658 1162 2721 fine
1193 2683 1299 2723 versus

203 2757 394 2822 Brunckius.
477 2740 485 2757 ⁸

250 2879 323 2943 250.
351 2862 385 2923 orl
411 2867 501 2941 σῖγα;
527 2863 633 2944 μηδὲν]
661 2860 705 2934 ol,
732 2862 805 2940 σίγα
832 2863 924 2938 μηδὲν
950 2859 1026 2924 Ald.
1054 2861 1136 2926 Rob.
1160 2863 1195 2926 οὐ
1221 2869 1303 2944 σῖγα·

202 2966 296 3042 μηδὲν
312 2964 416 3029 Turn.
454 2964 565 3026 Veram
588 2962 868 3044 interpunctionem
885 2964 919 3024 οὐ
936 2969 1008 3044 σῖγα
1022 2967 1114 3044 μηδὲν
1128 2964 1211 3028 τῶνδ’
1229 2966 1306 3044 ἐρεῖς

205 3066 279 3127 κατὰ
294 3065 419 3135 πτόλιν;
444 3061 579 3126 restituit
594 3061 765 3125 Elmsleius
778 3063 819 3125 ad
835 3063 947 3148 Eurip.
965 3065 1055 3128 Med.
1076 3084 1166 3128 1120.
1182 3066 1217 3129 οὐ
1232 3072 1305 3146 σῖγα

204 3169 296 3245 μηδὲν
312 3168 387 3246 έρεῖς
401 3164 519 3229 dictum
536 3188 593 3250 pro
609 3165 643 3227 οὐ
660 3163 718 3244 σῖγ’
735 3163 836 3240 ιἰνέξει
856 3168 929 3241 μηδὲ
949 3167 1026 3244 ἐρεῖς
1039 3165 1143 3244 μηδέν.
1192 3165 1306 3229 Similis

206 3267 453 3354 breviloquentia
468 3283 513 3330 est
529 3290 558 3329 v.
577 3284 649 3350 252.

248 3371 370 3456 πτόλιν]
393 3372 484 3433 πόλιν
501 3368 577 3432 Αίό.
595 3368 679 3432 Rob.
719 3370 757 3431 In
775 3369 910 3430 tironum
927 3366 1057 3452 gratiam
1074 3366 1138 3430 duo
1152 3389 1306 3452 gramma-

207 3472 338 3536 ticorum
354 3472 422 3535 loca
441 3471 481 3533 de
503 3471 604 3532 forma
618 3468 722 3534 πτόλις
744 3468 928 3532 adscribam.
970 3467 1072 3530 Sclrol.
1091 3468 1249 3531 Villoison.
1265 3469 1305 3532 ad

208 3574 299 3637 Iliad.
312 3581 350 3638 Ψ.
368 3595 393 3635 1.
410 3577 483 3636 κατὰ
493 3573 608 3637 πτόλιν.
635 3571 771 3651 Κυπρίων
785 3580 844 3635 τῶν
859 3573 893 3633 ἐν
904 3575 1053 3649 Σαλαμῖνι
1067 3571 1085 3647 ἡ
1100 3569 1190 3648 λέξις.
1214 3577 1307 3634 κεῖται

206 3679 239 3739 δὲ
254 3680 334 3757 παρὰ
350 3680 463 3759 κωμικῷ
477 3673 690 3754 Ἀναξανδρίδῃ
707 3675 741 3735 ἐν
752 3676 911 3757 Σωσίππῳ.
940 3673 1087 3736 Eustatlr.
1105 3672 1146 3735 ad
1163 3671 1253 3735 Iliad.
1268 3678 1305 3734 Λ.

206 3802 239 3863 p.
261 3781 334 3857 842,
359 3781 407 3841 16.
435 3780 452 3839 ὁ
479 3780 511 3840 δὲ
535 3774 693 3854 πτόλεμος,
726 3778 865 3858 Κυπρίων
895 3776 943 3838 καὶ
965 3774 1108 3837 Ἀττικῶν
1137 3775 1217 3852 λέξις
1243 3772 1305 3836 καθ’

205 3879 408 3959 Ἡρακλείδην
423 3880 497 3950 ἔστι,
516 3881 591 3941 καθὰ
606 3878 653 3939 καὶ
667 3879 685 3954 ἡ
700 3879 812 3954 πτόλις,
829 3879 871 3939 ὧν
885 3879 961 3939 ἴδιον
975 3875 1183 3956 παρευτιθέναι
1196 3859 1307 3954 βήμασι

208 3983 255 4044 καὶ
270 3979 398 4059 ὀνόμασι
413 3980 446 4041 τὸ
461 4004 487 4041 τ.
512 3980 688 4042 BLOMF.

252 4101 268 4143 2
270 4101 322 4167 5¹·
349 4080 515 4163 ξυντέλεια]
541 4080 626 4141 Ordo
646 4083 849 4145 consocialem.
882 4082 951 4143 Vox
977 4081 1112 4166 politica.
1149 4082 1306 4166 Harpocr.

187 4189 373 4253 ,Συντελεΐα
402 4185 430 4245 ol
452 4186 698 4246 συνδαπανῶντες
723 4183 770 4244 καὶ
793 4184 1052 4263 συνεισφέροντες.
1075 4183 1108 4245 τὸ
1131 4186 1163 4246 δὲ
1187 4187 1307 4263 πρᾶγμα

209 4285 367 4347 συντέλεια
404 4289 546 4346 καλεῖται.
584 4282 658 4356 imo,
689 4281 793 4359 credo,
823 4299 855 4345 et
887 4290 947 4346 τῶν
976 4291 1129 4348 συντελῶν
1166 4283 1304 4347 societas.

184 4386 379 4459 ,BLOMF.
417 4383 574 4464 ξυγγένεια
589 4384 671 4445 Rob.

249 4506 323 4569 252.
348 4487 400 4548 οὐκ
417 4488 447 4550 ἐς
461 4482 576 4566 φθόρου
589 4485 694 4564 σιγῶσ’
710 4485 879 4568 ἀνασχήσει
900 4485 968 4551 τόδε
980 4485 1006 4571 3]
1031 4487 1173 4551 Breviter
1186 4486 1305 4550 dictum

765 4607 785 4648 υ
