2978 5062
240 335 305 397 2⁰2
598 333 977 396 ANNOTATIONES

284 499 432 585 ἐπινωμᾷ]
448 503 597 581 ἑπινωμάν
612 503 706 566 L.M.

285 614 356 686 729.
375 599 532 688 Χάλυβος]
549 603 644 667 Metri
658 626 768 667 oaussa
780 626 840 690 pro
853 601 969 684 Χάλυφ
981 603 1116 666 dictum:
1140 624 1214 688 quae
1224 602 1340 666 usitata

241 702 373 766 nominis
392 703 493 768 forma
512 721 569 769 est.
615 704 783 769 Genitivns
798 703 942 783 Χάλυβος
962 703 1077 789 legitur
1092 705 1254 768 Prometh.
1266 725 1339 789 132.

240 806 413 883 Χαλύβοισι
427 827 465 868 ex
481 807 633 870 Hecataeo
646 805 731 892 apud
745 805 853 892 Steph.
866 806 945 891 Byz.
958 820 990 869 et
1000 829 1038 869 ex
1051 805 1166 892 Eurip.
1178 805 1251 870 Alo.
1264 806 1338 891 980.

240 903 387 970 indicavit
403 907 606 970 Abreschins.

284 1025 356 1092 730.
372 1009 505 1092 σίδαρος]
523 1013 641 1090 σίδηρος
659 1008 766 1073 Guelf.
783 1006 860 1071 Ald.
876 1010 978 1071 Turn.

284 1127 358 1193 732.
373 1111 503 1195 lordono]
519 1113 635 1189 ὁπόσον
648 1109 727 1174 Ald.
744 1111 846 1174 Turn.

284 1211 331 1273 καὶ
347 1210 397 1273 M.
412 1208 535 1298 aliique.
560 1211 598 1275 δν
613 1213 660 1275 καὶ
674 1210 747 1275 edd.
761 1227 834 1276 ante
850 1209 1056 1275 Brunclsiunr.

284 1328 357 1397 734.
372 1313 563 1398 αὐτοκτόνως]
579 1314 662 1377 αὐτοὶ
675 1313 824 1378 κτάνωσιν
840 1311 901 1395 (vel
917 1313 1058 1395 κτάνωσι)
1070 1336 1110 1376 ex
1123 1314 1174 1377 M.
1186 1328 1217 1376 et
1230 1315 1337 1378 deoem

238 1413 306 1478 aliis
327 1413 417 1477 codd.
441 1429 643 1479 annotatum:
672 1431 704 1478 et
726 1414 769 1479 sic
791 1413 869 1478 Ald.
894 1417 998 1479 Turn.
1023 1414 1131 1502 Steph.
1157 1417 1340 1483 αὐτοκτόνως

239 1515 359 1602 primus
373 1515 472 1579 edidit
487 1516 570 1580 Rob.
585 1533 617 1580 et
632 1517 713 1580 inter
729 1516 828 1580 varias
842 1516 988 1580 lectiones
1001 1533 1151 1581 memorat
1168 1520 1271 1581 Turn.

284 1619 356 1702 736.
373 1619 421 1681 καὶ
436 1619 555 1703 χθονία]
572 1618 683 1682 Lectio
697 1634 857 1705 suspecta:
883 1641 953 1683 nant
969 1619 999 1682 in
1015 1619 1250 1706 antistrophov.
1263 1637 1338 1701 744.

238 1718 366 1806 dipodia
380 1718 513 1782 iambica
527 1734 574 1783 est
588 1723 682 1784 αίῶνα
696 1719 720 1784 δ’
738 1722 777 1787 ἒς.

284 1840 356 1909 737.
372 1826 567 1905 μελαμπαγὲς
582 1826 654 1904 οἶμα
669 1824 800 1908 φοίνιον]
817 1825 958 1887 Mettum
975 1860 996 1886 υ
1010 1821 1032 1869 -’
1046 1860 1069 1869 -
1087 1821 1092 1907 Ι
1110 1856 1132 1884 υ
1144 1820 1166 1870 -3
1179 1862 1200 1884 ο
1214 1859 1236 1869 -
1251 1859 1272 1884 υ
1285 1860 1308 1870 ·

282 1927 413 2012 φαίνων]
429 1929 537 2007 φόνιον
551 1926 643 1990 codd.
657 1925 809 1991 nonnulli.

283 2030 355 2113 738.
372 2027 552 2113 καθαρμοὺς]
570 2029 720 2110 καθαρμδυ
734 2027 853 2113 aliquot
868 2026 960 2091 codd.
975 2026 1057 2089 inter
1070 2048 1150 2111 quos
1166 2024 1217 2087 M.

283 2146 357 2211 740.
381 2148 454 2213 741.
477 2131 508 2193 iu
534 2152 631 2194 unum
655 2153 778 2194 versum
801 2127 1013 2215 oonjuugeudi
1034 2142 1066 2190 et
1087 2127 1118 2189 in
1142 2127 1339 2213 antistrophe

240 2232 312 2314 748·
330 2247 402 2316 749-

283 2350 356 2413 740.
372 2341 527 2398 παλαιοῖσι
542 2337 708 2418 συμμιγεῖς]
723 2339 862 2400 παλαιοῖς
877 2338 1029 2413 ξυμμιγκῖς
1043 2329 1134 2394 codd.
1151 2328 1291 2394 nonnulli
1306 2347 1338 2394 et

239 2432 313 2498 edd.
330 2449 458 2498 veteres.

283 2554 356 2622 743.
372 2539 547 2617 παρβασίαν
563 2538 732 2599 Porsonus
749 2538 956 2616 παραιβασίαν
969 2533 1040 2598 edd.
1055 2547 1129 2597 vett.
1144 2535 1339 2614 παραβασίαν

241 2639 290 2703 Μ.
309 2640 368 2701 Ατ.
404 2647 423 2676 “
442 2639 481 2701 In
498 2637 610 2724 Suppl.
625 2656 716 2720 1043.
732 2637 850 2723 optime
864 2636 998 2700 correxit
1014 2634 1171 2699 Burneius
1184 2633 1338 2715 πάρβατος

239 2761 299 2827 pro
314 2740 497 2821 παράβατος.
532 2739 571 2802 In
589 2740 727 2802 Eumen.
743 2741 818 2823 548.
834 2739 888 2803 τὸν
902 2740 1081 2818 ἀντίτολμον
1095 2737 1128 2800 δέ
1143 2745 1220 2818 φαμι
1233 2762 1339 2817 παραι-

238 2843 347 2921 βάδαν.
367 2843 531 2906 manifesto
549 2841 717 2929 legendum
739 2842 907 2924 παρβάταν,
926 2864 999 2906 cum
1021 2842 1052 2905 iu
1075 2841 1270 2927 antistropha
1292 2864 1339 2905 re·

240 2942 403 3029 spondeat,
419 2944 472 3008 τὸν
487 2943 586 3008 οὔποτ’
602 2942 738 3027 αὐχοῦντ’
760 2945 830 3008 totu
849 2943 1022 3026 ἀμαχάνοις.
1067 2943 1191 3007 Atticos
1213 2946 1336 3025 κατφθί-

239 3070 328 3124 μινος
342 3044 391 3108 vel
412 3047 614 3127 καπφθίμενος
633 3045 748 3108 dixisse
770 3045 843 3109 satis
864 3057 1005 3108 constare
1026 3069 1063 3108 ex
1088 3045 1201 3131 Eurip.
1225 3044 1337 3131 Suppl.

241 3148 315 3232 984.
339 3146 455 3211 Electr.
472 3168 561 3233 1299.
585 3147 683 3212 Rhes.
700 3151 773 3233 378.
797 3165 902 3211 monet
925 3145 1093 3211 Elmsleius
1114 3146 1154 3210 ad
1172 3145 1336 3232 Aristoph.

240 3247 381 3312 Acharn.
401 3265 473 3334 733.
519 3249 685 3326 Dicebant,
700 3249 804 3328 credo,
820 3251 1023 3330 neapolitanos
1036 3271 1106 3312 curn
1125 3246 1336 3312 AEolensibus.

241 3352 377 3438 Trypho
392 3353 466 3416 MS.
483 3353 559 3434 Περὶ
572 3358 692 3418 Ποθῶν.
716 3351 851 3417 Αἰολέων
865 3355 899 3414 δὲ
913 3351 947 3414 τδ
963 3351 1057 3419 πάθος
1074 3351 1249 3433 (σνγκοπάμ
1273 3352 1338 3416 οἶον

241 3456 402 3536 κακόμορος
425 3455 579 3536 κάμμορος·
603 3457 763 3521 δασύσκιος
785 3454 904 3521 δάσκιος
921 3454 1090 3536 ]δάσσκιος)
1106 3456 1145 3520 ὧς
1164 3453 1231 3535 παρ’
1251 3453 1335 3518 Ἐπι-

240 3555 343 3639 χάρμφ
365 3556 399 3619 τὸ
423 3561 572 3620 κατθεῖνοι
595 3558 660 3620 ἀντὶ
681 3562 733 3620 τοῦ
756 3561 937 3621 καταθεῖναι.
962 3559 1011 3621 διδ
1033 3556 1067 3619 τδ
1089 3557 1264 3637 κακόφωνον
1286 3557 1338 3619 οὐκ

239 3656 387 3736 ἤλλακται
401 3662 435 3721 τὸ
450 3683 477 3720 τ.
493 3659 542 3722 καί
555 3659 589 3721 τὸ
606 3658 789 3739 κατφάλαρα
802 3659 868 3722 ἀντὶ
889 3663 941 3721 τοῦ
965 3658 1172 3740 καταφόλαρα.
1189 3658 1239 3721 Cf.
1257 3658 1337 3721 Lex.

242 3759 325 3825 Bibl.
337 3759 464 3824 Coislin.
476 3782 508 3845 p.
523 3776 593 3844 235.
621 3765 764 3824 κατθεῖσο
777 3759 896 3824 calculo
910 3782 968 3823 suo
980 3760 1164 3846 comprobat
1179 3762 1339 3825 Porsonns

240 3861 281 3925 nd
295 3860 410 3947 Eurip.
429 3861 554 3926 Hecub.
568 3882 645 3948 559.
672 3863 712 3926 In
728 3862 841 3950 Eurip.
854 3862 971 3927 Electr.
982 3862 1054 3946 887.
1070 3885 1128 3949 pro
1140 3861 1233 3942 Δέξαι
1248 3864 1339 3942 κόμης

240 3965 296 4041 σῆς
308 3965 488 4044 βοστρύχων
503 3962 685 4043 ἀναδήματα,
702 3963 860 4027 Burneius
874 3963 1042 4046 ἀγάλματα.
1073 3965 1161 4050 Lege
1176 3964 1335 4044 ἀνδήματα.

241 4085 271 4126 v.
285 4064 357 4128 860.
370 4063 509 4150 ejusdem
521 4063 638 4129 fabulae
654 4080 787 4128 nretrum
803 4065 942 4152 postulat
956 4068 1116 4149 ἀμπτυχαί,
1131 4082 1163 4129 et
1178 4066 1210 4130 iu
1223 4090 1252 4131 ν.
1262 4086 1336 4152 319.

240 4166 337 4228 nostri
354 4165 467 4253 Suppl.
483 4165 642 4252 ἀνστήσῃς.
668 4166 707 4229 In
721 4167 847 4231 Heoub.
862 4183 954 4253 1245.
972 4168 1103 4248 ἀμβήσει
1114 4190 1232 4233 omnes.
1256 4170 1336 4232 Lex.

242 4264 387 4350 Sophocl.
399 4266 542 4350 Ἀγχαζε,
559 4269 625 4330 ἀντὶ
634 4273 686 4330 τοῦ
699 4270 855 4352 ὰναχάρει.
874 4272 949 4335 οὕτω
961 4274 1126 4351 Σοφοκλῆς.
1153 4269 1230 4333 Vide
1244 4270 1336 4334 etiarn

241 4364 336 4451 hujus
350 4366 465 4432 fabulae
483 4393 532 4431 vv.
548 4371 622 4448 462.
638 4388 711 4455 531.
729 4390 802 4454 703.
823 4370 983 4435 Promoth.
998 4374 1072 4451 466.
1091 4387 1165 4456 732.
1182 4377 1226 4452 (et
1247 4370 1338 4458 plura

240 4468 307 4533 loca
331 4467 383 4531 ubi
408 4471 519 4549 ὰντολὴ
541 4470 711 4551 scribitur.)
736 4474 822 4536 Pers.
840 4474 908 4537 168.
923 4476 997 4556 578.
1021 4473 1334 4559 Agam.306.1603.
