2978 5062
553 359 621 423 AD
645 359 833 424 PERSAS.
1181 354 1240 418 311

144 545 221 600 esse,
238 522 290 587 sed
312 522 495 610 particulam
516 525 703 611 proecedcnti
719 523 922 605 Σουσισκάνης
941 521 1174 610 adjungendam
1196 522 1244 586 in-

147 623 264 688 tellexit
280 624 470 689 Brunclrius.

189 727 300 815 λιπών]
333 729 461 793 ἐκλιπών
485 729 568 793 Rob.
615 728 820 794 Scribendum
848 731 1002 811 προλιπάν
1031 751 1069 793 ex
1097 726 1246 793 Parisinis

146 827 280 892 duobus.
327 830 468 893 Metrum
484 845 531 894 est
546 830 774 895 dochmiacum.

190 934 263 1014 962.
281 932 446 997 ἀπέλειπον
461 935 512 996 Μ.
558 934 740 1020 Legebatur
754 934 911 998 ἀπέλιπον.
934 933 1040 998 ἔλιπον
1056 933 1140 997 Rob.

192 1036 266 1119 963.
282 1036 315 1098 ἐκ
329 1057 390 1098 om.
408 1035 492 1100 Rob.

191 1138 263 1218 964
289 1135 490 1218 Σαλαμινιάσι
513 1138 728 1203 Hermaunus.
755 1144 958 1219 Σαλαμινῖσιυ
983 1139 1032 1201 Μ.
1065 1144 1247 1218 Σαλαμινῖσι

149 1239 231 1303 Rob.
255 1241 445 1320 Σαλαμινῇσι
459 1239 537 1304 Ald.
560 1243 743 1321 Σαλαμιυίσι
758 1241 864 1304 Turn.
880 1255 912 1304 et
926 1239 1046 1305 codices
1060 1239 1211 1327 plerique.

191 1342 355 1426 στυφέλου]
381 1345 549 1424 οτυφελούς
575 1343 617 1406 N.
662 1343 735 1421 Quo
761 1358 885 1428 recepto
907 1342 1087 1407 Brunckius
1112 1341 1178 1406 haec
1204 1340 1247 1405 sic

146 1441 277 1531 intelligi
303 1443 413 1522 voluit,
437 1445 638 1511 έπιθείνοντας
663 1444 832 1527 στυφελοὺς
855 1443 956 1524 ἀκτάς,
981 1444 1095 1511 collato
1118 1468 1148 1509 v.
1171 1445 1249 1530 308.

150 1547 303 1627 νικώμενοι
318 1548 460 1629 κύρισσον
475 1547 603 1628 ἰσχυρὰν
617 1549 724 1631 χθόνα.

192 1651 264 1734 965.
280 1650 434 1716 θείνοντας
447 1649 585 1714 A.B.M.
601 1647 718 1736 aliique
732 1648 873 1713 nonnulli
887 1665 919 1714 et
935 1649 1017 1714 Rob.
1056 1649 1122 1714 Alii
1139 1651 1248 1715 θανόν·

151 1776 204 1817 τας
217 1772 289 1814 cum
304 1750 385 1814 Ald.
401 1752 506 1814 Turn.
529 1756 693 1818 θανοΰντας
708 1753 746 1816 C.

194 1850 239 1914 ἐπ’
262 1852 352 1917 ἀκτᾶς
372 1877 420 1932 γρ.
441 1852 480 1913 Β.
504 1849 548 1914 ἐπ’
569 1852 659 1918 ἀκτάς
678 1853 717 1915 Β.
740 1852 826 1915 Rob.
849 1851 894 1916 ἐπ’
918 1855 1020 1922 ἀκταῖς
1042 1852 1118 1916 Ald.
1143 1855 1249 1918 Turn.

153 1951 346 2039 interpolata
360 1952 455 2038 hujus
469 1950 527 2015 loci
542 1950 633 2015 lectio
646 1966 704 2015 est.
749 1954 833 2016 Nam
851 1973 955 2038 neque
976 1953 1020 2018 ἐπ’
1036 1957 1125 2022 ἀκτᾶς
1138 1953 1186 2018 vel
1203 1955 1249 2021 ἐπ’

153 2056 254 2122 ἀκταῖς
268 2069 338 2141 post
353 2053 531 2142 praecedcns
548 2051 593 2117 ἐπ’
604 2055 704 2121 ἀκταῖς
718 2052 919 2134 Σαλαμινιάσι
928 2054 1003 2118 ferri
1017 2069 1131 2141 potest,
1148 2079 1251 2143 neque

56 2229 61 2239 ,
153 2161 306 2226 θείνοντας
330 2157 425 2223 habet
448 2179 583 2244 quocum
612 2170 830 2221 construatur:
865 2156 952 2242 quod
978 2179 1038 2244 pro
1063 2157 1252 2237 θεινομένους

153 2261 271 2325 dictum
294 2259 446 2349 accepisse
461 2259 586 2325 videtur
599 2259 754 2347 glossator
772 2258 887 2323 codicis
902 2262 957 2338 A.,
977 2259 1033 2348 qui
1054 2261 1253 2343 τυπτομένους

155 2361 362 2449 adscripserit.
378 2363 422 2427 ἐπ’
439 2366 530 2445 ἀκρας
544 2363 664 2449 scripsit
680 2361 893 2426 Blomfieldus.

199 2468 272 2549 966.
295 2466 323 2530 ol
341 2466 369 2530 οῖ
391 2466 431 2552 οῖ]
453 2466 481 2530 οῖ
497 2466 588 2531 bisin
606 2465 704 2530 Paris.
719 2487 794 2542 uno,
812 2463 910 2528 sexies
923 2462 955 2528 in
971 2463 1121 2529 Cantabr.
1138 2464 1251 2552 primo.

156 2571 244 2632 οἰοιοῖ
257 2566 454 2632 scribendum
470 2592 535 2632 csse
550 2567 688 2632 diximus
701 2567 743 2631 ad
758 2590 787 2632 v.
804 2584 878 2653 954.

198 2675 255 2733 riori
276 2669 309 2733 δέ
329 2670 393 2753 σοι]
411 2675 468 2733 ποῦ
488 2671 525 2733 σέ
545 2696 595 2733 σοι
610 2669 688 2734 Ald.
705 2669 788 2735 Rob.
836 2669 1041 2734 Scribendum
1057 2670 1181 2736 videtur
1195 2677 1254 2737 ποῦ

156 2798 215 2850 σοι,
230 2770 289 2834 nisi
310 2770 382 2856 quis
403 2774 470 2846 οἰοῖ,
485 2777 543 2836 ποῢ
565 2773 598 2835 δέ
620 2797 671 2837 σοι
691 2773 849 2860 praeferat,
864 2773 951 2860 quod
971 2789 1100 2862 propter
1114 2777 1204 2838 οῖοιοῖ
1220 2774 1252 2838 in

157 2873 284 2958 stropha
298 2873 435 2960 positum
451 2874 555 2938 minus
570 2874 733 2940 verisimile
747 2889 802 2941 est

200 2979 277 3042 Post
292 2982 467 3062 Φαρνοῦχος
488 2977 568 3042 duas
589 2978 738 3044 excidisse
757 2978 892 3066 syllabas
911 2978 1130 3045 animadvertit
1145 2980 1253 3046 Blom-

156 3078 277 3142 fieldus.
321 3081 381 3144 Eae
407 3080 432 3144 si
456 3081 567 3162 βέβηκ’
590 3082 731 3161 fuerunt,
754 3082 845 3147 facile
868 3082 941 3147 hinc
966 3083 1115 3170 explicari
1139 3084 1255 3172 poterit

157 3181 291 3269 proximi
307 3181 440 3246 nominis
455 3185 648 3265 καριόμαμδος
662 3183 825 3270 scriptura.

201 3286 275 3368 967.
292 3284 495 3368 κθριάμαρδος]
508 3287 709 3365 Καμιόμαρδος
724 3283 789 3346 sine
803 3284 950 3348 coronide
963 3311 1010 3367 γρ.
1025 3286 1063 3348 Β.
1075 3284 1152 3350 Ald.
1170 3288 1253 3351 Rob.

159 3388 262 3450 Tum.
282 3400 315 3449 et
335 3384 465 3460 codices,
487 3395 525 3450 ut
543 3384 679 3463 videtur,
700 3383 860 3471 plerique:
885 3384 909 3449 κ’
930 3384 1122 3468 Ἀριόμαρδος
1145 3388 1255 3475 Steph.

159 3490 365 3570 Καρίσμαρδος
379 3489 466 3552 Α.Β.
512 3488 607 3551 Unus
627 3485 744 3551 alterve
764 3485 864 3550 codex
886 3489 1096 3570 Κοριόδαρμος,
1113 3488 1137 3553 κ’
1154 3489 1255 3572 Ἀριό·

157 3596 270 3672 μορδις,
290 3593 506 3672 Χαρίσμαρδος.
553 3591 594 3653 lu
615 3591 666 3653 Μ.
687 3587 706 3668 ἢ
727 3586 931 3672 Ἀριόμαρδος.
978 3590 1184 3655 Scribendum
1208 3594 1256 3681 vel

157 3690 350 3774 Ἀριόμαρδος
363 3714 434 3756 cum
451 3690 622 3770 Brunckio,
638 3690 792 3776 producta
806 3689 926 3777 syllaba
944 3691 1055 3778 prima,
1071 3694 1157 3779 quod
1180 3694 1256 3760 nihil

157 3794 334 3858 offensionis
350 3794 443 3859 habet
456 3794 488 3858 in
505 3794 629 3858 nomine
640 3793 783 3873 barbaro,
794 3794 842 3858 vel
855 3793 1074 3878 Ἀρειόμαρδος,
1085 3796 1110 3861 si
1120 3797 1152 3860 in
1165 3821 1257 3864 versu

159 3895 316 3983 strophico
329 3913 403 3982 955.
417 3902 475 3961 ποῦ
490 3897 524 3976 θη
539 3899 638 3978 φίλων
652 3895 784 3983 legatur.

203 4001 277 4084 968.
303 4004 361 4063 ποῦ
382 3999 416 4064 δέ
437 4025 474 4064 σε
494 3998 604 4080 βάλκις
624 3998 643 4079 ἢ
665 4000 819 4063 λιλαίαται
838 3996 843 4086 Ι
862 4002 920 4062 ποιῖ
941 4001 974 4062 δέ
996 3997 1123 4080 σευάκης
1144 4003 1219 4080 ἀναξ
1240 4000 1259 4082 ἢ

159 4103 279 4169 λίλαιος
293 4100 427 4182 εὐπάτωρ
443 4100 521 4166 Ald.

203 4199 370 4285 Σευάλκης]
397 4201 450 4266 Sic
472 4203 509 4264 B.
534 4215 625 4265 recte.
672 4200 774 4264 Variae
798 4199 945 4265 lectiones
970 4200 1123 4282 Σευάλκης
1140 4201 1259 4289 'Apum

161 4301 317 4383 Σευάλλης
331 4304 416 4383 ἀναξ.
440 4302 528 4368 Male
543 4302 638 4390 vulgo
653 4301 810 4383 Σεβάλκης
825 4303 908 4388 [cum
926 4304 1052 4389 Turu.].
1077 4305 1129 4370 Sic
1143 4330 1172 4371 v.
1184 4318 1260 4393 310.

161 4407 351 4488 Φεμεσσεύης
372 4405 535 4492 legebatur
556 4404 761 4487 Φερεσσέβης.
786 4405 994 4470 BRUNCK.
1021 4406 1156 4489 Σευάλης
1177 4411 1259 4476 Rob.

163 4509 277 4574 Trium
289 4507 431 4574 codicum
441 4506 627 4598 corruptelae
637 4522 711 4572 sunt
720 4505 891 4589 Σεβάλλης,
901 4505 1090 4589 Σεβάγκλης,
1100 4509 1260 4594 Σευάγκης.
