2978 5062
239 320 303 391 176
598 318 977 385 ANNOTATIONES

282 505 360 571 427.
390 486 562 574 Euripides
591 486 705 574 Suppl.
729 487 803 570 498.
833 485 873 549 de
898 483 1007 549 eodem
1036 484 1194 569 Capaneo,
1221 483 1341 563 ὤμοσεν

239 595 330 658 πόλιν
344 590 468 671 πέρσειν
483 593 553 653 θεοῦ
566 588 708 656 θέλοντος
720 588 758 669 ήν
772 613 805 654 τε
819 588 859 667 μὴ
873 586 958 667 θέλῃ.
981 586 1157 651 BLOMF.

281 712 358 777 429.
376 690 463 773 Ἔρις
476 691 556 778 πέδιρ
575 691 723 774 σκήψασα
743 689 932 778 periphrasis
953 703 1000 753 est
1021 686 1130 752 caduci
1152 683 1293 750 fulminis
1315 709 1338 748 e.

240 798 379 874 σκηπτοῦ.
405 792 524 857 Similia
537 793 578 858 de
594 796 742 878 Capaneo
756 792 906 879 leguntur
919 791 1005 878 apud
1021 787 1208 876 Euripidem
1224 787 1338 852 Phoen.
1436 834 1441 842 .

244 895 337 981 1183.

370 998 527 1064 Καπανεὺς
541 998 575 1060 δέ
588 1003 650 1063 πῶς
665 994 770 1075 εἴποιμ’
787 994 825 1059 ἂν
839 998 878 1063 ὡς
891 997 1027 1075 ἐμαίνετο
1041 1023 1048 1067 ;

366 1100 571 1181 μακραύχενος
585 1102 644 1180 γδρ
659 1100 800 1176 κλίμακος
813 1098 1041 1179 προσαμβάσεις

370 1201 449 1284 ἔχων
464 1202 582 1282 ἐχώρει,
600 1201 648 1263 καὶ
662 1198 779 1263 τοσόνδ’
797 1201 949 1280 ἐκόμπασε

368 1300 432 1382 μηδ’
449 1301 487 1366 ἂν
501 1302 535 1365 τδ
550 1301 664 1382 σεμνὸν
678 1307 736 1382 πῦρ
751 1327 798 1365 νιν
813 1299 962 1383 εἰργάθειν
976 1300 1051 1367 Διὸς

369 1404 457 1484 τὸμὴ
472 1404 506 1466 οῦ
522 1402 583 1467 κατ’
599 1403 695 1483 άκρων
710 1401 870 1484 περγάμων
885 1406 967 1466 ἑλεῖν
981 1404 1080 1466 πόλιν.

242 1539 292 1604 Cf.
311 1539 391 1602 Stat.
407 1535 511 1600 Theb.
528 1557 577 1614 10,
594 1536 754 1600 821—fin.
779 1538 878 1600 SCH.

282 1638 375 1723 πέδῳ]
396 1637 601 1702 Scribendum
617 1637 710 1701 πέδοι.
756 1637 830 1701 Vid.
846 1638 887 1701 ad
904 1638 1010 1702 Prom.
1028 1654 1101 1721 749.

284 1741 428 1825 ἐκποδὼν]
448 1741 583 1820 ἐμποδὼν
598 1738 717 1825 aliquot
732 1739 825 1803 codd.

284 1848 409 1926 σχεθεῖν
424 1841 640 1906 Blomfieldus.
664 1841 787 1925 σχέθειν
799 1841 881 1905 libri.

282 1965 358 2031 431.
373 1941 566 2026 προσῄκασεν
581 1945 630 2006 Μ.
653 1945 853 2025 προσείκασεν
868 1943 974 2030 vulg0.

282 2067 356 2133 433.
390 2048 477 2111 Bene
505 2046 625 2109 confert
656 2045 812 2109 Stanleius
841 2044 958 2132 Eurip.
990 2045 1145 2109 Phoeniss.
1175 2064 1268 2132 1137.
1298 2045 1340 2109 de

241 2147 346 2236 Tydei
375 2148 476 2234 signo,
501 2152 582 2231 δεξιᾷ
612 2150 645 2212 δέ
673 2148 816 2228 λαμπάδα
838 2151 932 2212 Τιτάν
955 2149 1130 2230 Προμηθεὺς
1155 2148 1264 2230 ἔφερεν
1288 2149 1339 2226 ὣς,

239 2249 361 2332 πρήσων
375 2252 476 2314 πόλιν.
521 2251 625 2314 Prava
640 2263 742 2313 tamen
758 2249 953 2314 distinctione
972 2249 1121 2313 inductus
1140 2264 1197 2329 est,
1214 2264 1250 2315 ut
1271 2272 1338 2313 cre-

240 2351 328 2417 deret
342 2351 428 2416 hune
441 2350 609 2438 igniferum
625 2352 728 2437 ipsum
746 2351 934 2415 Promethea
947 2352 1053 2416 fuisse.
1087 2355 1175 2416 Ante
1190 2354 1340 2439 Musgra-

239 2455 325 2519 vium
342 2454 505 2541 legebatur
526 2454 643 2535 ἔφερεν,
661 2456 700 2520 ὡς
714 2480 762 2535 πρ.
778 2480 810 2518 π.
826 2454 912 2540 quod
928 2454 1072 2518 vitiosum
1096 2477 1161 2518 esse
1182 2455 1262 2518 bene
1283 2453 1339 2517 ad-

239 2572 374 2622 verterat
397 2555 490 2621 schol.
512 2556 543 2619 in
565 2558 654 2641 Aug.
678 2555 757 2619 Cod.
778 2579 873 2641 quem
896 2556 999 2620 minus
1020 2555 1171 2620 intellexit
1189 2555 1339 2620 Valcken-

240 2660 342 2725 aerius.
367 2659 543 2723 BLOMF.

284 2777 358 2847 435.
375 2758 568 2844 ξυστήσεται]
584 2759 767 2837 ξυμβήσεται
783 2758 869 2824 Plut.
885 2782 915 2824 v.
932 2759 1047 2823 Thesei
1062 2783 1089 2823 c.
1106 2781 1132 2823 1.

283 2865 359 2947 436.
375 2861 573 2944 κομπάζοντα]
592 2860 786 2940 κομπάσαντα
801 2863 851 2925 Μ.
867 2876 898 2925 et
914 2863 993 2925 Ven.
1006 2881 1035 2929 2.
1050 2870 1102 2938 ζου
1116 2861 1157 2925 ab
1171 2860 1231 2925 alia
1243 2883 1338 2925 manu

241 2963 433 3049 adscriptum
448 2963 479 3025 in
498 2964 549 3025 M.

283 3080 358 3151 437.
380 3065 428 3127 καὶ
449 3068 522 3150 τῷδε
545 3063 640 3145 κέρδει
663 3063 763 3146 κέρδος
782 3065 860 3128 άλλυ
882 3068 1021 3150 τίκτεται]
1041 3067 1089 3130 Et
1110 3088 1150 3130 es·
1172 3066 1228 3130 doc
1250 3066 1339 3131 lucro

242 3165 381 3254 Capanei
407 3166 553 3253 superbia
575 3166 770 3252 deorumque
792 3181 951 3231 contemtu
978 3169 1068 3232 uliud
1092 3169 1226 3246 luerrrm,
1254 3168 1285 3232 h.
1309 3192 1337 3233 e.

241 3271 385 3335 interitus
407 3270 475 3357 ejus
496 3279 651 3334 nascetur.
696 3271 789 3335 Sicut
808 3274 890 3334 enim
911 3271 1013 3357 Tydei
1027 3273 1195 3359 superbum
1210 3274 1340 3359 insigne

241 3374 359 3438 cladem
384 3375 413 3437 ei
437 3372 612 3460 portendit,
638 3373 684 3436 aio
706 3373 801 3435 etiam
826 3373 969 3458 Capanei
994 3375 1145 3455 πυρφόρος
1169 3375 1252 3456 ἀνὴρ,
1278 3397 1340 3461 quo

241 3486 363 3540 scutram
378 3476 563 3562 insignivit,
578 3475 654 3537 mali
669 3476 783 3538 ominis
798 3476 927 3562 insigne
946 3485 1010 3549 ατη
1042 3498 1133 3563 spero
1155 3479 1238 3540 euim
1246 3478 1339 3561 jore,

241 3587 278 3643 ut
292 3580 327 3640 in
341 3599 412 3640 eum
426 3577 737 3663 ignfirnmfidmen
751 3578 884 3655 incidat,

370 3710 499 3775 πέποιθα
513 3708 538 3773 δ’
555 3709 632 3795 αὐτῷ
648 3712 699 3789 ξὺν
715 3713 779 3798 δίκῃ
793 3713 846 3776 τὸν
860 3715 1014 3796 πυρφόρον

370 3814 452 3893 ἥξειν
467 3812 621 3894 κέραυνον.
658 3815 757 3877 SCH.

285 3966 360 4033 439.
376 3947 508 4034 γλῶσσ’]
525 3947 630 4030 γλῶττ’
649 3950 699 4012 Μ.

285 4051 433 4135 γίγνεται]
451 4052 566 4132 γίνεται
579 4050 661 4115 libri.

286 4151 462 4237 κατήγορος]
479 4151 659 4219 διδάσκαλος
673 4153 739 4217 duo
752 4154 843 4220 codd.
860 4171 891 4221 et
906 4157 990 4222 Rob.

284 4275 360 4337 440.
377 4249 662 4343 παράσκευασμένος
678 4265 729 4328 Μ.

284 4375 361 4437 441.
388 4361 634 4448 κάπογυμνάζων]
659 4367 834 4432 Εαοιυεαυ.
857 4367 994 4453 linguam
1019 4371 1144 4450 scilicet,
1168 4389 1205 4438 ut
1225 4373 1343 4438 athleta

243 4480 365 4524 manus.
401 4464 569 4541 γυμνασίαν
594 4462 738 4532 dicebant
768 4469 908 4534 rhetores
937 4470 1053 4559 linguae
1081 4475 1342 4540 exercitationem.
