2978 5062
252 335 315 400 126
611 336 988 400 ANNOTATIONES

250 519 287 569 ut
301 518 375 568 aute
391 506 501 568 Persas
515 518 615 570 actam
631 492 804 592 significare
815 505 969 583 videatur,
982 502 1144 567 scholiasta
1154 502 1194 566 ad
1211 526 1241 565 v.
1256 523 1348 589 1053.

250 606 441 670 contrarium
463 606 512 670 his
536 608 638 672 verbis
657 609 774 686 docuit,
791 612 819 673 ol
845 608 963 688 Πέρσαι
982 610 1125 688 πρότερον
1143 607 1349 687 δεδιδαγμένοι

251 710 341 786 εἰσὶν,
356 709 422 774 εἶτα
443 711 472 772 01
494 712 568 774 ἑπτὰ
590 712 639 775 ἐπὶ
655 711 771 790 Θήβας·
796 715 849 774 νῦν
864 713 896 773 δὲ
911 710 945 772 τὸ
960 712 1087 789 ὕστερον
1101 707 1250 787 προτέρως
1273 708 1349 772 εἴτε.

250 810 331 888 πλὴν
357 810 425 874 οὐδὲ
449 811 489 896 τῷ
511 815 616 892 ποιητῇ
641 813 801 894 ἐγκλητέαι
825 812 987 896 (οὐδὲγάρ
1013 813 1096 874 ἐστιν
1122 810 1289 889 ἆκριβῶσαι
1313 811 1349 872 τὸ

252 912 399 993 τοιοῦτον)
415 912 483 977 οὐδὲ
501 919 563 980 τοῖς
580 914 804 997 ἀπελέγχουσα
819 914 920 977 αὐτόν.
944 913 986 976 G.
999 912 1227 976 DINDORF.
1275 912 1350 996 Ipse

250 1012 480 1100 Aristophanes
498 1014 687 1102 AEschylum
709 1015 879 1078 introducit
900 1014 940 1077 dc
962 1014 1020 1078 hac
1042 1012 1194 1099 tragoedia
1214 1012 1350 1099 glorian·

250 1130 331 1180 tem:
357 1137 459 1201 neque
481 1116 607 1194 mirum,
622 1140 693 1181 cum
712 1118 744 1180 iu
759 1140 796 1180 ea
811 1116 951 1181 militaris
970 1116 1064 1179 animi
1081 1115 1180 1178 virtus
1195 1130 1226 1178 et
1243 1129 1350 1178 motus

249 1215 350 1280 bellici
365 1217 483 1302 optime
498 1217 558 1281 sint
572 1219 721 1302 expressi,
737 1242 827 1305 quos,
842 1241 913 1283 cum
929 1217 1086 1292 ederetur,
1103 1216 1245 1280 Telestes
1261 1215 1350 1279 ludio

249 1317 289 1381 nd
316 1319 423 1381 vivum
444 1319 685 1406 repraesentavit.
717 1319 893 1385 Athenaeus
919 1340 946 1382 1.
973 1343 1005 1406 p.
1028 1337 1067 1385 22
1087 1322 1129 1382 A.
1153 1318 1349 1399 Ἀριστοκλῆς

249 1423 324 1501 γοῦν
338 1428 433 1500 φησιν
447 1423 493 1484 ὅτι
506 1420 660 1500 Τελέστης
674 1424 691 1483 ὁ
708 1424 861 1504 Αἰσχύλου
875 1422 1023 1505 ὀρχηστὴς
1038 1424 1128 1488 οὕτως
1149 1420 1187 1500 ria
1200 1422 1347 1503 τεχνίτης,

249 1521 329 1584 ὥστε
345 1523 379 1585 ἐν
393 1523 433 1606 τῷ
455 1524 612 1604 ὀρχεῖσθαι
632 1523 700 1591 τοὺς
720 1521 817 1587 Ἑπτὰ
837 1526 885 1588 ἐπὶ
900 1523 1010 1603 Θήβας
1031 1527 1148 1604 φανερὰ
1167 1526 1289 1600 ποιήσαι
1311 1523 1348 1583 τᾶ

249 1622 408 1704 πράγματα
429 1622 465 1687 δι’
488 1623 651 1706 ὀρχήσεως.
687 1623 801 1689 Affinis
823 1640 870 1689 est
895 1624 1071 1711 argumenti
1091 1646 1162 1688 cum
1184 1621 1348 1708 Euripidis

250 1723 431 1787 Phoenissis.
477 1726 606 1812 Scripsit
635 1742 744 1813 postea
769 1728 907 1814 Amphis
935 1752 973 1792 eo
997 1727 1121 1790 nomine
1150 1724 1347 1802 comoediam,

250 1825 409 1890 Athenaeo
422 1825 579 1891 laudatam
597 1848 625 1909 7.
643 1851 676 1914 p.
692 1845 752 1912 295
770 1831 811 1892 Ε.
837 1830 1004 1894 STANL.

294 1930 418 1992 Nomen
438 1929 534 2015 hujus
554 1931 715 2016 tragoediae
739 1930 781 1994 ab
800 1930 867 1994 aliis
890 1929 987 1995 Ἑπτὰ
1010 1932 1059 1996 ἐπὶ
1079 1931 1196 2010 Θήβας,
1218 1929 1260 1993 ab
1279 1927 1347 1991 aliis

248 2029 345 2094 ‘Sarra
367 2033 416 2095 ἐπὶ
431 2031 550 2111 Θήβαις
572 2031 726 2097 scribitur.
772 2034 818 2097 Et
833 2035 907 2098 ἑπτὰ
921 2032 1047 2119 quidem
1068 2033 1117 2097 ἐπὶ
1131 2032 1252 2112 Θήβαις
1272 2028 1348 2115 legi-

250 2147 303 2198 tur
322 2134 356 2196 in
379 2134 479 2198 MSS.
503 2149 535 2198 et
560 2133 632 2198 edd.
658 2135 923 2199 consentientibus
947 2135 1077 2198 Justiuo
1098 2133 1153 2221 qui
1175 2132 1291 2197 dicitur
1313 2130 1344 2194 in

251 2236 483 2311 Quartiambua
506 2245 536 2301 et
559 2239 712 2325 Rrepoua.
734 2240 779 2302 ad
801 2237 993 2303 Orthodoaoa
1013 2259 1069 2323 qu.
1095 2237 1165 2317 146.
1191 2248 1224 2299 et
1245 2233 1346 2298 Clem.

249 2338 345 2404 Alex.
360 2340 475 2403 Strom.
495 2360 523 2404 1.
545 2362 580 2425 p.
596 2357 670 2418 401.
686 2339 735 2404 ed.
751 2342 854 2405 Oxon.
868 2338 965 2404 Ἑπτὰ
988 2340 1036 2404 ἐπὶ
1056 2337 1164 2418 Θήβας
1182 2358 1256 2400 vero
1275 2334 1346 2399 scri·

249 2442 330 2508 bunt
359 2441 531 2519 Diodorus,
562 2442 788 2527 Apollodorus,
818 2439 1005 2505 Aristoteles
1035 2439 1214 2527 Mctaphys.
1242 2457 1292 2517 12,
1315 2440 1346 2513 6,

249 2545 395 2609 Clemens
416 2543 512 2608 Alex.
536 2543 555 2607 l.
573 2543 593 2606 l.
615 2565 648 2630 p.
661 2563 739 2625 400,
762 2542 910 2608 Eustath.
932 2542 971 2606 ad
997 2544 1130 2606 Homer.
1153 2565 1186 2628 p.
1205 2543 1277 2619 146,
1297 2547 1345 2604 ια’.

247 2647 322 2729 489,
339 2647 368 2708 8.
386 2644 529 2729 809‚37.
548 2647 642 2728 1596,
660 2647 708 2708 26.
744 2646 891 2731 Denique
913 2644 957 2709 ita
979 2646 1117 2709 fabulam
1144 2644 1224 2709 hanc
1249 2643 1345 2708 citant

248 2745 478 2832 Aristophanes
498 2744 529 2808 in
557 2747 641 2810 Rau.
669 2770 699 2809 v.
725 2764 819 2832 1053,
847 2746 1038 2812 Plutarchus
1069 2748 1212 2833 Sympos.
1241 2762 1343 2829 7,10.

247 2871 280 2935 p.
298 2862 371 2931 715.
388 2846 573 2924 Athenaeus,
589 2847 755 2934 Longinus
769 2851 837 2931 περὶ
851 2846 971 2931 Ὕψοις
985 2873 1010 2912 s.
1031 2870 1081 2934 15,
1095 2871 1169 2935 quae
1193 2847 1260 2912 loca
1274 2862 1346 2933 post

243 2947 320 3012 alios
332 2948 486 3035 congessit
501 2950 674 3013 Burtonus.
691 2951 791 3015 SCH.
821 2952 938 3015 Omnes
952 2963 1025 3015 ante
1039 2949 1263 3014 Porsoniauam
1278 2948 1343 3012 edi-

247 3048 346 3113 tiones
366 3049 482 3113 habent
504 3049 642 3130 Θήβαιςς
665 3061 761 3138 atque
780 3052 825 3117 ita
846 3052 972 3138 quidem
995 3050 1091 3117 schol.
1111 3051 1226 3138 Eurip.
1248 3050 1345 3116 Phoe·

247 3150 320 3216 niss.
337 3167 410 3238 755.
422 3151 498 3237 [748
515 3152 648 3239 Matth.]
665 3155 803 3241 Longin.
818 3181 849 3220 π.
864 3157 893 3219 ὑ.
913 3157 942 3238 ξ.
960 3170 1009 3240 15.
1034 3154 1124 3238 cujus
1143 3168 1247 3217 tamen
1272 3154 1345 3218 MS.

248 3253 350 3319 Paris.
373 3254 583 3320 accusativum
605 3256 743 3321 exhibet.
779 3256 912 3321 Philem.
934 3279 985 3342 ap.
1002 3255 1165 3320 Stobaeum
1183 3271 1239 3341 57,
1255 3270 1286 3339 7.
1305 3259 1346 3320 01

247 3355 271 3422 δ’
288 3356 350 3422 ἐστ’
367 3357 416 3421 ἐπὶ
431 3357 540 3437 Θήβας
562 3358 766 3440 ἐστράτευσάν
780 3385 830 3439 μοι
851 3364 935 3423 δοκῶ.
971 3357 1074 3423 Schol.
1090 3357 1257 3444 Aristoph.
1274 3360 1342 3445 Ly-

246 3459 325 3524 sistr.
344 3461 416 3544 189.
440 3459 569 3539 Θήβαις.
591 3459 644 3524 sed
670 3462 745 3524 MS.
766 3460 894 3546 optimae
911 3475 993 3524 notae
1012 3461 1104 3546 cujus
1126 3459 1342 3548 apographum

158 3640 161 3645 ὁ
246 3560 278 3623 in
302 3559 454 3625 Biblioth.
470 3559 549 3624 Coll.
567 3562 624 3626 SS.
640 3560 789 3626 Trinitat.
804 3561 889 3648 apud
907 3562 1179 3649 Cantabrigienses
1199 3562 1344 3627 adserva-

246 3677 310 3742 tur,
325 3662 447 3751 praebet
462 3662 578 3743 Θήβας.
624 3664 707 3729 Item
722 3687 781 3752 pro
796 3663 888 3729 tertio
901 3687 989 3744 casu,
1001 3664 1056 3751 qui
1072 3664 1187 3753 legitur
1201 3664 1233 3728 in
1248 3665 1346 3733 schol.

714 3923 882 3969 Allxmot.

408 3997 484 4060 δρᾶμα
493 3995 797 4060 ταιήσαςἈρειιςμεστόν.
831 4006 873 4049 ΔΙ.
890 4002 971 4058 roiam
1005 4007 1045 4049 ΑΙ.
1062 4000 1118 4050 ralis
1129 4000 1180 4050 ἐπ’
1193 4001 1230 4050 ἐκ1
1242 3999 1333 4059 Θήβας·

407 4077 421 4125 b
433 4075 577 4138 θεασόμενος
589 4080 635 4128 mis
645 4079 675 4128 ta
684 4098 722 4131 τις
732 4078 790 4145 ἐνὴρ
800 4079 892 4144 ὴριίσθη
903 4078 966 4131 raros
978 4079 1043 4130 ε1ναι.

350 4165 392 4207 Al.
409 4159 476 4207 rourl
487 4157 532 4220 μέν
542 4177 581 4209 σοι
592 4159 667 4210 narba
677 4163 809 4225 εἴργασται·
825 4161 944 4221 Θηβαίους
953 4161 1000 4226 *rip
1010 4165 1138 4222 τιτοῐηκας

407 4238 580 4303 ἀνδρειοτέρους
593 4239 626 4291 εἷς
636 4241 681 4291 rba
691 4240 803 4303 πόλεμον·
821 4244 861 4293 καλ
871 4242 957 4293 τούτου
967 4244 991 4304 7¹
1003 4244 1088 4293 οὕνεκα
1098 4243 1196 4294 τύπον.

350 4323 389 4366 ΑΙ.
407 4319 463 4368 ἀλλ’
475 4323 529 4380 ὑμῖν
538 4324 591 4370 αὕτ’
601 4323 656 4383 ἐξῆν
666 4323 756 4382 ἐισκιῖς,
765 4324 821 4374 ἀλλ’
832 4325 875 4374 οὐκ
887 4323 924 4373 ἐπὶ
936 4325 1002 4373 τοῦτ’
1014 4324 1152 4388 ἐτράπεσθε.

408 4399 459 4448 ulra
471 4401 563 4463 διδάξας
575 4402 667 4466 Πέρσαι
677 4404 739 4465 μετὰ
749 4407 816 4455 ταῦτ’
830 4408 949 4467 ἐπιθυμεῖν
960 4405 1079 4467 ἐξεδίδαξα

423 4500 429 4527 ι
446 4483 475 4528 ἂν
485 4483 521 4531 au
530 4482 585 4532 τσὺς
596 4482 746 4544 werssove,
758 4486 881 4547 κοσμήσας
893 4486 964 4550 lma
974 4489 1081 4552 ἄριστον.
