2978 5062
316 373 384 437 AD
408 371 600 437 SEPTEM
624 372 873 438 ADVERSUS
897 373 1099 439 THEBAS.
1197 374 1259 440 177

158 538 330 629 Phrynioh.
345 542 377 606 in
399 542 536 608 Bekkeri
550 542 675 609 Aneod.
691 565 723 630 p.
739 544 792 607 61.
815 543 1100 626 Πρααναγυμνάζειυ
1122 545 1219 624 στόμα
1239 543 1258 624 η

156 643 273 724 φωνήν.
296 642 314 709 8
327 651 467 710 ποιοῦσιν
480 648 510 710 oi
523 649 763 727 φονασκοῦντες,
780 645 828 709 καὶ
842 670 878 724 τη
898 647 985 732 φανῇ
1004 647 1224 728 ἀγωνιζόμενοι,
1240 643 1258 710 d

157 746 187 808 oi
204 747 315 811 πολλοὶ
330 747 525 830 ἀναφθυησιν
539 746 694 829 λέγουσιν.
717 746 893 812 BLOMF.

200 865 277 928 442.
294 849 339 933 ἐς]
358 848 565 912 Scribendum
581 852 633 916 eie.

200 967 275 1033 443.
297 953 416 1032 γεγωνὰ
430 950 620 1016 Brunckius.
667 949 759 1014 Libri
774 957 895 1033 γεγῶνα
908 950 968 1030 vel,
982 951 1068 1037 quod
1085 949 1116 1014 in
1135 952 1186 1016 M.
1201 964 1259 1030 eat,

157 1055 285 1130 γκγωνᾶ.
330 1053 393 1115 Per
407 1052 463 1132 ἔπη
477 1055 633 1136 ταραχώδη
647 1051 783 1139 explicat
799 1051 972 1117 scholiasta.

200 1170 276 1237 445.
292 1154 494 1235 ἐξῃκασμένον
508 1156 559 1221 Μ.
582 1154 795 1237 ἔξεικασμένον
810 1155 918 1242 vulgo.

199 1255 273 1334 448.
304 1256 411 1342 cidon]
443 1257 537 1336 Quod
563 1257 737 1346 AEschylus
765 1257 928 1344 scripserat
955 1261 1091 1321 ΑΙΘΟΝ
1121 1255 1172 1319 alii
1202 1278 1261 1343 pro

157 1357 259 1430 aidau,
275 1357 361 1443 quod
376 1358 409 1422 in
429 1358 517 1422 libris
531 1359 677 1423 omnibus
692 1382 776 1424 nunc
790 1359 916 1446 legitur,
932 1358 984 1422 alii
998 1381 1057 1444 pro
1077 1357 1163 1422 αἶθον
1177 1380 1263 1422 aoce-

159 1470 284 1544 perunt,
309 1474 344 1523 ut
363 1461 524 1525 annotavit
546 1461 717 1525 scholiasta.
764 1462 1001 1526 Praefereudum
1023 1459 1149 1525 videtur
1174 1460 1261 1525 αἶθον

158 1568 247 1644 λῆμσ.
263 1587 400 1651 quocum
416 1564 622 1629 Biomfieldus
638 1565 830 1652 comparavit
846 1565 962 1652 Eurip.
980 1565 1054 1651 Iph.
1071 1564 1152 1629 Aul.
1165 1584 1260 1650 1423.

154 1663 199 1729 Ὠ
211 1665 279 1747 λῆμ’
295 1669 427 1748 ἀρισπον.
444 1667 586 1754 Hesych.
600 1665 782 1749 Ἀριόφατον
803 1671 894 1748 λῆμα·
918 1669 986 1733 ἀντὶ
1008 1671 1072 1747 τοῦ,
1089 1665 1178 1748 'Apa
1200 1671 1262 1732 ἑοι-

159 1770 222 1836 κός.
245 1772 398 1854 Αἰσχύλος
412 1772 602 1837 Νεανίσκοις.

201 1874 417 1958 Πολυφόντου]
435 1877 622 1956 Πολυφόντα
637 1873 716 1937 Ald.

200 1990 276 2059 452.
292 1973 600 2060 ὄλοιθ-ἓπισχέθοι]
619 1976 749 2053 Pereat,
764 1977 819 2062 qui
834 1997 957 2062 mugitu
972 1974 1057 2038 mala
1071 1973 1145 2036 orbi
1160 1973 1263 2035 mina·

158 2085 223 2153 tur,
245 2098 374 2164 eumque
380 2077 540 2162 stdminit
556 2076 665 2160 jacim
686 2087 801 2141 arceat.
828 2075 947 2158 μεγόλα
970 2077 1154 2158 ἐπεύχεσθαι
1176 2072 1261 2138 idem

157 2192 214 2255 est,
228 2178 314 2265 quod
331 2203 360 2243 v.
375 2199 449 2261 411.
466 2182 549 2244 δεινὰ
564 2182 712 2258 ἀπειλεῖν,
728 2193 760 2242 et
778 2178 863 2263 apud
880 2176 1068 2264 Euripidem
1086 2174 1260 2257 (Phoeniss.

158 2303 186 2343 v.
202 2280 289 2366 183.)
306 2285 389 2346 δεινὰ
402 2285 437 2361 τῇ
451 2282 541 2346 πόλει
555 2283 737 2363 ἐφυβρίζειν.
783 2279 931 2343 Fulmine
947 2302 1021 2343 vero
1035 2280 1221 2365 Capaneum
1241 2298 1261 2342 a

157 2384 240 2448 Jove
265 2399 383 2449 tactum
405 2383 553 2448 occidisse
575 2397 685 2448 notum
708 2395 765 2446 est.
811 2381 903 2444 “Sic
925 2379 1007 2444 enim
1031 2378 1204 2466 Euripides
1227 2379 1259 2443 in

159 2485 312 2551 Phoenisa.
329 2487 423 2567 1187.

285 2605 339 2686 ἤδη
355 2602 379 2669 δ’
394 2606 615 2686 ὑπερβαίνοντα
630 2610 743 2686 γεῖσσα
759 2602 882 2686 τειχέων

286 2704 400 2786 βάλλει
414 2709 544 2791 κεραυνῷ
560 2707 636 2774 Ζεύς
651 2731 708 2770 νιν.

159 2839 190 2888 et
204 2824 312 2903 Quint.
326 2824 435 2890 Calah.
450 2845 498 2904 10,
507 2828 583 2906 481.

287 2943 435 3025 δμηθέντα
450 2943 524 3011 Διὸς
539 2945 695 3009 στονόεντι
710 2946 852 3031 κεραυνῷ.

159 3062 240 3127 Vide
252 3062 387 3127 Pausan.
399 3083 432 3147 9,
445 3063 475 3140 8,
489 3076 518 3145 7.
527 3076 559 3126 et
571 3061 753 3126 Philostrat.
767 3063 889 3149 lmagg.
902 3062 933 3125 in
950 3061 1124 3147 Antigone,
1140 3082 1170 3147 p.
1182 3062 1257 3146 854.

158 3167 207 3228 At
227 3163 377 3249 Vegetius
397 3184 430 3245 4,
453 3183 504 3228 21.
531 3165 594 3238 Qui
615 3165 710 3229 acolio
732 3165 768 3226 in
788 3164 947 3228 obsidione
969 3165 1097 3226 urbium
1121 3171 1259 3227 utuntur

143 3267 337 3353 frequenter
350 3266 531 3352 periculum
545 3266 721 3336 sustineren
745 3265 884 3350 exemplo
900 3265 1053 3350 Capanei,
1069 3285 1091 3326 a
1110 3286 1172 3350 quo
1185 3267 1258 3350 pri-

157 3390 242 3432 τουσι
271 3369 430 3431 secunao
451 3368 677 3454 propugnatio
703 3366 887 3452 perhibetur
914 3367 1056 3441 όυυυυόα,
1082 3366 1137 3451 qui
1167 3373 1259 3428 tanto

158 3469 236 3535 mole
248 3470 477 3557 lapidumfitit
489 3468 621 3533 οάτυόιιι
638 3489 659 3530 ο
678 3468 849 3544 Thebanis,
864 3468 1111 3553 utfilma'nibue
1131 3466 1259 3530 dicotur

159 3572 345 3637 extinctus?
367 3571 474 3637 δέοιτό.
518 3573 617 3635 Ηυοο
639 3570 742 3633 locum
757 3569 897 3633 imitatus
917 3584 965 3634 est
979 3566 1149 3656 Euripides
1163 3568 1258 3632 Phoe-

160 3673 230 3738 niss.
247 3696 277 3737 v.
292 3675 363 3738 186.
377 3695 445 3759 sqq.

288 3791 321 3855 ld)
336 3790 453 3872 Νέμεσι
468 3793 516 3856 καὶ
532 3791 607 3859 Διὸς

286 3894 474 3974 βαρύβρομοι
486 3894 613 3974 βρονταὶ

288 3993 441 4075 κεραυνιόν
456 4017 490 4055 τε
503 3998 562 4074 πῦρ
577 3994 720 4056 αἰθαλόεν

286 4096 326 4158 σύ
339 4120 385 4158 τοι
397 4096 622 4176 μεγαληγορίαν

286 4196 453 4279 ὑμερόνορα
468 4198 614 4277 κοιμίζεις.
660 4196 761 4260 SCH.

200 4333 276 4400 453.
299 4316 366 4398 μιν]
394 4319 511 4380 Forma
535 4339 555 4379 a
579 4312 703 4400 tragicis
726 4312 835 4377 aliena.
883 4310 1090 4376 Scribendum
1115 4335 1162 4375 νιν
1183 4332 1257 4377 cum

160 4417 330 4482 Brunckio.

199 4539 273 4604 454.
292 4521 391 4584 Recte
405 4518 628 4606 interpretatur
642 4514 736 4581 schol.
753 4516 786 4580 ἐκ
800 4519 859 4579 τῶν
872 4516 1009 4579 πυλικθν
1023 4535 1056 4578 τε
1077 4511 1126 4577 καὶ
1144 4517 1254 4594 πσρθε.

700 4638 716 4677 z
