2978 5062
515 371 584 435 AD
608 364 964 436 PROMETHEUM.
1248 371 1291 435 85

193 538 289 604 fuisse
303 541 440 622 (δόμους,
455 542 530 604 tene
547 550 706 618 curantes,
722 540 778 626 qui
800 540 877 604 nihil
891 540 1018 606 omnino
1031 539 1201 611 curabant;
1226 560 1291 625 quo

193 640 311 704 factum
330 654 377 705 est
397 659 433 706 ut
446 664 508 705 vox
531 641 600 719 ista,
623 665 714 706 sensu
738 641 886 729 primario
906 642 1031 730 penitus
1048 640 1171 718 amisso,
1187 641 1290 728 negli-

189 752 301 830 genter
324 743 448 807 tandem
472 743 668 829 significaret.
715 743 777 807 Sed
799 745 902 808 locum
926 743 1109 831 Etymologi
1132 743 1290 830 integrum

191 867 358 930 apponam.
403 847 528 928 Εὔωροι·
551 846 809 927 ἄπαρσφύλακτοι,
833 849 961 926 ἄμελεῖς·
986 844 1179 927 ἢδλίγωροι,
1203 868 1290 908 κοτα-

193 949 374 1026 φροννγτιιτοί·
398 950 479 1028 παρᾶ
492 947 527 1009 τὸ
543 947 674 1027 εὗωρεῖν,
690 949 708 1010 ὅ
726 950 792 1011 ἐστι
813 948 994 1028 φνλᾶσσειν,
1010 950 1086 1011 κατὰ
1100 948 1290 1028 δντίφραοιν,

193 1051 222 1111 ol
236 1049 495 1129 ἄποραφθλακτοι.
537 1047 704 1128 Εὐφορίων,
721 1048 801 1112 Οὐδί
816 1074 861 1111 τοι
877 1051 980 1127 εὔωροι
995 1049 1099 1113 θυίων.
1131 1046 1245 1128 ἢπορᾶ
1259 1046 1292 1108 τδ

195 1151 227 1213 εὖ
242 1149 290 1212 καὶ
305 1148 359 1227 τὴν
374 1149 455 1229 ἄρον
468 1149 522 1227 τὴν
536 1151 690 1230 φροντίδα,
708 1152 782 1213 κατὰ
792 1151 974 1231 ἄντίφροσιν
988 1152 1104 1229 εᾶωρος,
1121 1151 1137 1211 ὁ
1151 1148 1191 1227 μὴ
1202 1156 1292 1229 φρον-

194 1251 289 1325 τίζων.
313 1252 345 1328 ἐξ
360 1250 395 1312 οδ
410 1249 458 1313 καὶ
474 1250 590 1331 εθωρία,
606 1251 624 1329 ἡ
639 1251 782 1331 ὀλιγωρία
796 1251 846 1313 καὶ
859 1252 998 1331 ραθνρία.
1020 1250 1197 1313 BLOMF.
1230 1248 1291 1326 Qui

195 1351 360 1433 εὐωριᾶζειν
374 1350 520 1429 restituit,
531 1365 626 1428 reete,
641 1364 676 1413 ut
691 1350 833 1414 videtur:
856 1373 950 1437 quam
963 1351 1208 1415 emendationem
1220 1350 1293 1415 sub-

194 1456 382 1521 indicaverat
398 1459 558 1520 Poraonua
573 1455 665 1519 obelo
679 1455 815 1540 vulgatae
829 1455 952 1520 lectioni
967 1455 1121 1542 apposito.
1150 1455 1291 1536 Ἐξωριᾶ-

193 1568 254 1633 ζειν
267 1557 323 1643 qui
343 1557 525 1633 defendent,
541 1559 671 1620 fortasse
686 1556 838 1644 Hesy'ehii
860 1558 963 1643 glossa
978 1571 1119 1633 utentur,
1134 1579 1198 1642 qua
1215 1559 1291 1621 ἐπω-

194 1661 315 1739 ριᾶζειν,
327 1663 456 1722 verbum
471 1657 599 1723 aliunde
614 1681 675 1722 non
691 1661 863 1744 cognitum,
879 1682 936 1746 per
950 1664 1094 1740 μεριμνᾶν
1108 1658 1291 1745 explicatur,

194 1761 246 1824 cui
260 1761 439 1848 oppositum
453 1783 521 1824 ease
535 1760 631 1845 possit
645 1759 823 1842 ἐξωριάζειν.

241 1884 288 1946 19.
304 1862 413 1927 ἄκοντᾶ
429 1861 456 1926 σ’
473 1864 566 1947 ἄκων]
584 1862 681 1926 ἄκοντ’
694 1865 774 1927 ἄκων
788 1889 825 1928 σε
838 1862 917 1927 Ald.
931 1861 1014 1926 Rob.
1027 1876 1059 1925 et
1074 1862 1172 1926 codex
1189 1885 1280 1927 unua.

239 1984 289 2031 20.
312 1965 610 2048 προσπασσαλεύσω]
635 1967 909 2045 προσπατταλεύσω
933 1965 1016 2028 Rob.
1040 1982 1071 2029 et
1094 1963 1186 2029 codd.
1213 1986 1291 2028 non·

196 2065 282 2129 nulli.

237 2167 335 2251 πᾶγω]
359 2169 438 2250 τόπῳ
465 2167 515 2229 Μ.
535 2165 619 2230 Rob.
643 2182 675 2230 et
697 2165 797 2230 codex
819 2165 979 2253 Stephani.
1018 2167 1135 2253 Margo
1155 2167 1292 2231 duorum

195 2269 335 2332 codicum
352 2271 460 2353 τρόπῳ,
471 2267 557 2354 quod
573 2285 756 2353 corruptum
772 2290 812 2330 ex
828 2271 920 2352 τόπῳ,
938 2267 1031 2331 unius
1045 2267 1137 2330 etiam
1153 2270 1225 2349 ὅρει.

239 2391 290 2436 21.
312 2371 431 2452 μορφὴν
449 2371 581 2454 βροτῶν]
606 2376 724 2451 βροτῶν
737 2370 857 2451 μορφὴν
868 2370 952 2433 Rob.
975 2368 1095 2449 μορφὴν
1109 2375 1186 2432 θεῶν
1200 2370 1294 2434 inter-

195 2474 334 2560 polatum
349 2472 381 2534 in
398 2471 484 2535 libris
498 2472 605 2535 multis
619 2470 851 2534 recentioribus.

239 2594 290 2639 22.
312 2576 386 2656 ὄψει
404 2596 460 2659 ρετ
475 2596 608 2658 zeugma
623 2571 754 2636 relatum
769 2570 809 2634 ad
826 2571 940 2653 φωνήν.
979 2571 1030 2635 Sic
1046 2574 1155 2636 κτύπον
1169 2571 1294 2654 δέδορκα

196 2679 282 2762 Sept.
298 2675 338 2738 ad
354 2676 418 2739 Th.
434 2695 504 2760 103.
529 2675 697 2738 STANL.

238 2778 348 2863 φοίβῃ]
373 2777 485 2858 φοίβου
502 2774 638 2840 scholion
656 2773 861 2839 Homericum
877 2775 1133 2862 Waasenberghii
1149 2777 1188 2839 ad
1207 2778 1245 2840 Il.
1262 2804 1291 2851 α,

195 2895 268 2961 47.;
293 2878 346 2941 sed
370 2878 467 2964 φοίβῃ
489 2876 678 2941 Eustathius
699 2901 731 2963 p.
746 2880 802 2961 38,
817 2896 849 2960 3.
870 2897 926 2956 40,
941 2879 993 2963 36.
1019 2879 1176 2959 1266‚46.
1200 2882 1291 2963 1446,

195 3000 247 3065 32.
270 2981 445 3044 BLOMF.

240 3103 289 3169 23.
311 3088 415 3166 χροιᾶς
436 3084 573 3165 ἀμείψεις
595 3082 698 3167 ἄνθος]
725 3081 805 3145 Solis
825 3080 902 3145 radii
924 3082 972 3145 vel
993 3083 1109 3148 doloris
1127 3084 1293 3172 longitudo

195 3184 326 3249 colorem
344 3199 485 3249 mutant:
511 3182 574 3246 vid.
590 3183 779 3268 Hippocrat.
796 3184 920 3269 Aphor.
932 3205 965 3264 4,
977 3206 1028 3267 40.
1046 3200 1076 3249 et
1094 3205 1123 3269 7,
1133 3191 1184 3252 60.
1202 3188 1293 3252 Thu-

195 3286 266 3372 cyd.
280 3288 332 3368 87.
357 3287 474 3348 Genea.
486 3305 540 3370 31,
552 3303 605 3362 40.
624 3284 839 3370 Chryaostom.
855 3284 896 3347 de
911 3285 1013 3349 Paulo
1028 3291 1142 3374 Apoat.
1158 3310 1191 3373 p.
1208 3288 1293 3353 xviii.

196 3387 401 3473 Epigramma
416 3385 500 3471 apud
523 3384 674 3450 Brunckii
690 3385 787 3449 Anal.
802 3384 865 3448 vol.
880 3405 910 3470 3.
928 3408 960 3471 p.
979 3403 1049 3471 155.
1067 3388 1218 3452 ἀπέπτατο
1232 3395 1294 3453 πᾶν

196 3488 254 3551 ἀπὸ
276 3493 377 3571 χροιῆς
394 3486 516 3555 Ἀνθος.
562 3486 686 3552 Horatii
705 3485 811 3572 Epod.
830 3505 881 3565 17,
899 3506 951 3569 25.
967 3489 1158 3573 comparavit
1174 3489 1294 3554 Wake-

196 3589 336 3653 heldad
353 3589 450 3676 Soph.
467 3590 583 3654 Trach.
599 3609 653 3674 30.
683 3587 781 3652 Adde
795 3588 910 3673 Eurip.
927 3587 1059 3675 Hippol.
1080 3605 1150 3674 177.
1166 3595 1196 3655 τί
1209 3593 1292 3672 δεδή-

194 3700 284 3769 ληται
298 3691 388 3770 δέμας
402 3692 574 3773 ἄλλόχροον
588 3693 758 3770 βασιλείας.
782 3689 876 3753 Solon
889 3714 939 3777 ap.
953 3689 1051 3754 Clem.
1065 3692 1159 3758 Alex.
1176 3718 1207 3780 p.
1219 3696 1291 3777 814

194 3815 214 3855 a
229 3794 370 3855 Pomono
383 3791 508 3868 citatus,
522 3797 625 3873 χροιῆς
639 3793 728 3858 ἄνθος
743 3793 952 3873 ἀμειβομένης.
976 3795 1152 3859 BLOMF.

239 3913 289 3974 24.
311 3895 330 3973 ἡ
347 3895 536 3972 ποικιλείμων
554 3891 622 3978 νὺξ]
647 3898 730 3957 Κατδ
744 3894 778 3956 τδ
794 3897 827 3958 ἓν
842 3896 963 3975 ἄστροις
983 3898 1121 3959 ποικίλον
1136 3897 1224 3974 αὐτῆς
1245 3897 1293 3960 in·

195 3996 264 4081 quit
279 3995 427 4058 Eustath.
443 4018 474 4080 p.
491 3996 567 4075 814,
585 4013 636 4077 23.
660 3995 828 4059 STANL.
869 3996 981 4080 Eurip.
998 3997 1072 4059 Hel.
1093 3997 1187 4081 1096.
1203 3999 1293 4063 ἀστέ-

194 4122 255 4177 ρων
280 4098 470 4174 ποικίλματα.
507 4094 610 4181 Orph.
635 4097 756 4179 Argon.
775 4098 867 4159 1026.
892 4098 1077 4180 ἄοπροχίτων
1099 4100 1160 4177 νύξ.
1196 4101 1293 4188 Soph.

196 4198 312 4261 Trach.
332 4218 386 4282 94.
410 4199 499 4259 αἰόλα
521 4198 581 4274 νύξ.
606 4195 719 4281 Eun‘p.
745 4197 855 4261 Pirith.
879 4198 917 4261 fr.
937 4216 966 4275 2,
987 4218 1019 4279 4.
1044 4201 1095 4279 νὺξ
1117 4204 1291 4286 αίολόχρως.

194 4296 387 4384 comparavit
403 4296 557 4360 Grilliths.

240 4419 290 4480 27.
306 4403 323 4462 ὁ
337 4397 506 4482 λωφήσων]
526 4397 692 4476 Herculea,
707 4399 826 4486 dequo
841 4423 871 4465 v.
885 4401 959 4483 872.

241 4504 290 4565 28.
314 4501 457 4584 ἐπηύρον]
487 4500 668 4586 Legebatur
692 4502 811 4584 ἀπηύρα
834 4501 1044 4567 consentiente
1069 4505 1240 4571 Euanthio
1263 4531 1294 4595 p.

719 4623 740 4665 a
758 4621 776 4667 2
