2978 5062
263 353 328 419 260
626 352 1005 416 ANNOTATIONES

310 545 382 611 271.
412 527 488 612 δᾴαν
519 527 723 592 Blomtieldus
751 552 769 591 e
800 528 881 593 libro
912 526 1150 606 Lambethiano‚
1180 527 1237 614 qni
1267 527 1372 593 δαΐαν.

267 631 451 718 Legebatur
465 633 541 695 δίαν.

312 748 384 817 272.
399 730 583 818 δνσπότμκις]
599 731 774 812 δυσπότμων
788 731 908 819 aliquot
922 729 1015 796 codd.

312 850 384 920 275.
408 834 548 921 ἁλίδονα]
567 833 773 898 Scribendum
790 837 908 912 δλιδνδ,
922 855 996 920 quae
1010 832 1102 897 lectio
1116 845 1265 896 annotata
1279 830 1312 895 in
1330 833 1373 895 B.

268 939 384 1001 Versus
398 960 437 1000 ex
452 936 676 1024 amphibracho
691 951 722 1000 et
736 935 882 999 dochmio
896 934 1096 1023 compositus.

310 1041 490 1123 πολυβαφῆ]
508 1041 687 1103 Macerato.
711 1038 844 1125 Proprie
861 1038 1017 1103 diceretur
1037 1037 1078 1101 de
1099 1057 1204 1124 panno
1225 1056 1374 1122 purpura

266 1156 425 1216 saturat03
451 1157 487 1206 ut
501 1142 633 1224 διβοφής
646 1157 692 1207 est
707 1144 755 1206 bie
770 1144 897 1206 tinctos.
922 1140 1099 1204 BLOMF.

312 1263 384 1329 277.
400 1245 610 1330 διπλάκεσσιν]
626 1245 803 1310 διπλόκεσιν
818 1242 895 1307 Ald.
912 1242 997 1306 Rob.
1037 1239 1193 1304 Burneiua
1207 1257 1372 1326 comparat

266 1351 429 1430 βαρίδεσσι
446 1371 475 1409 ν.
491 1362 566 1431 559.
588 1349 755 1428 μερόπεσσι
778 1345 889 1431 Suppl.
907 1365 958 1431 91.
982 1346 1118 1426 τείχεσσι
1131 1341 1275 1428 Choeph.
1292 1345 1371 1427 363.

267 1451 405 1533 χείρεσσι
421 1448 566 1534 Sophocl.
583 1448 695 1534 Antig.
712 1465 786 1533 975.
805 1465 899 1531 1297.
935 1449 996 1510 Est
1010 1458 1114 1509 autem
1131 1446 1239 1522 δίπλαξ
1251 1443 1373 1531 duplex

266 1551 460 1637 superficies.
505 1550 629 1634 Nempe
648 1549 727 1628 πλάξ
748 1564 795 1612 est
814 1550 918 1635 plana
942 1549 1134 1634 superficies,
1155 1545 1195 1609 de
1217 1545 1297 1609 mari
1321 1545 1372 1609 bia

268 1651 370 1738 posita
391 1652 421 1713 in
446 1649 504 1713 hac
530 1649 654 1712 fabula:
680 1669 753 1732 724.
776 1669 848 1733 944.
875 1649 915 1713 de
935 1650 1030 1714 turris
1052 1647 1193 1714 tabulato
1221 1644 1370 1734 Sophocl.

270 1751 420 1815 Trachin.
438 1768 509 1834 277.
525 1751 609 1815 unde
625 1749 736 1830 δίπλαξ
755 1751 920 1830 formatur,
939 1766 975 1816 ut
989 1753 1109 1819 δίαυλος
1125 1751 1165 1814 ab
1180 1750 1282 1816 αὐλός.
1328 1749 1371 1812 In

269 1853 363 1919 Iliad.
379 1861 412 1919 F.
430 1855 501 1917 126.
517 1856 645 1917 δίπλακα
659 1871 822 1941 exponunt
843 1854 941 1919 critici
962 1854 1135 1942 significare
1153 1855 1266 1932 δίμιτον
1280 1856 1371 1936 χλοῖ-

269 1983 334 2022 ναν.
374 1959 474 2021 Recte
488 1971 592 2020 autem
608 1955 771 2020 scholiasta
792 1963 955 2039 πλογκτοΐς
970 1959 1010 2024 ὡς
1024 1956 1062 2021 δν
1077 1958 1154 2020 εἴποι
1168 1980 1212 2022 τις
1226 1956 1370 2021 atalante·

267 2063 306 2124 τὰ
327 2064 385 2142 γὰρ
405 2061 517 2140 κύματα
538 2061 669 2141 ἐγχεῖται
688 2059 737 2121 καὶ
757 2061 926 2124 ὑπονοστεῖ.
964 2057 1102 2122 Verteris
1118 2055 1226 2143 igitur,
1245 2059 1298 2120 On
1320 2055 1371 2120 lde

268 2163 385 2248 ebbing
406 2163 472 2224 and
481 2163 624 2248 fhzoing
646 2163 773 2246 surfoce
801 2163 841 2244 os
860 2161 909 2225 tae
930 2183 993 2226 ονσ.
1018 2160 1190 2224 BLOMF.
1236 2156 1304 2220 Alii
1330 2157 1372 2221 de

268 2261 385 2349 duplici
410 2286 466 2326 ora
494 2262 648 2326 maritima
676 2262 905 2335 intellexerunt,
932 2261 1012 2326 inter
1032 2284 1127 2348 quam
1154 2259 1249 2323 maris
1273 2258 1372 2324 undae

268 2364 430 2430 fluctuent.
467 2367 620 2429 Neutram
636 2365 921 2452 interpretationem
938 2364 1044 2428 ferunt
1058 2363 1152 2427 verba
1167 2376 1280 2448 poetae,
1296 2384 1373 2447 quae

269 2467 346 2531 nihil
369 2467 454 2532 aliud
478 2469 650 2555 significare
672 2492 761 2555 posse
777 2467 923 2532 videntur
937 2489 1032 2552 quarn
1047 2465 1192 2552 disjectas
1213 2487 1271 2551 per
1284 2485 1372 2529 tnare

169 2591 181 2606 ‘
269 2569 395 2634 navium
420 2571 533 2648 trabes,
558 2594 631 2657 quae
654 2573 795 2637 δίπλακες
820 2570 971 2635 dicuntur
996 2582 1153 2654 quatenus
1178 2589 1217 2631 ex
1242 2566 1373 2631 duobus

269 2671 362 2759 lignis
377 2687 450 2736 sunt
464 2688 642 2759 compactae.

316 2776 388 2857 278.
405 2774 575 2857 ἀπώλλυτο]
591 2800 637 2856 γρ.
654 2775 790 2837 ἆπόλετο
807 2776 844 2837 Β.

314 2893 386 2957 279.
403 2875 539 2958 στρατὸς]
555 2878 631 2942 λεὼς
645 2875 709 2939 duo
724 2876 817 2940 codd.

314 2974 455 3058 νοίοισιν]
471 2974 602 3039 ναΐοισιν
618 2977 766 3041 Cantabr.
783 2977 912 3064 primus.
937 2976 1057 3062 νοίῃσιν
1070 2978 1115 3039 Α.
1127 2990 1159 3041 et
1172 3001 1219 3058 γρ.
1236 2977 1274 3039 Β.

313 3078 472 3161 ἐμβολαῖς]
498 3077 626 3156 ἐμβολὴ,
649 3080 808 3166 impactio,
824 3078 937 3142 scilicet
959 3077 1062 3156 rostri,
1078 3075 1165 3164 quod
1187 3076 1258 3142 ideo
1278 3078 1367 3158 ἐμβα

269 3187 327 3244 λον
348 3178 518 3243 dicebatur.
542 3178 624 3242 infra
641 3198 717 3265 415.
742 3178 892 3267 Thucyd.
909 3199 939 3257 2,
956 3181 1006 3260 84.
1032 3183 1106 3243 κατὰ
1129 3181 1201 3259 μίαν
1227 3185 1302 3244 νοῦν
1324 3206 1372 3246 τε·

268 3281 412 3364 τογμένοι
436 3280 615 3363 περιέπλεον
640 3283 744 3350 αὐτοὺς
771 3285 1030 3368 κύκλῳ-δώωσιν
1056 3281 1240 3365 παρέχοντες
1265 3281 1372 3345 αὐτίκα

270 3386 425 3465 ἐμβαλεῖν.
464 3382 536 3447 Vid.
558 3383 640 3447 infra
657 3387 733 3469 336·
747 3387 822 3469 562.
846 3384 961 3471 Eurip.
984 3383 1141 3448 Androm.
1160 3385 1369 3468 1131.Hpod-

270 3510 349 3548 τεινε
362 3486 463 3567 τεόχη,
480 3484 684 3565 κᾶφνλόσσετ’
701 3485 842 3565 ἐμβολάς.
877 3487 974 3548 Herc.
993 3484 1031 3546 F.
1049 3483 1121 3567 869.
1142 3487 1248 3562 ταῦρος
1269 3481 1319 3555 ds,
1341 3482 1372 3548 ἐς

270 3586 406 3666 ἐμβολὴν
421 3586 538 3652 Δεινός.
565 3584 637 3648 Vid.
653 3585 735 3649 infra
748 3589 822 3672 396.
847 3587 1023 3651 BLOMF.

315 3686 711 3771 280-283=286-289.

315 3790 387 3853 280.
405 3788 476 3852 281.
494 3809 558 3851 uno
572 3811 664 3852 versu
680 3789 757 3853 Ald.

314 3890 388 3955 280.
414 3888 478 3973 ῐνῧ]
505 3890 646 3976 Hesych.
672 3892 763 3966 'lv'cea
799 3891 963 3974 κρανγόζει,
993 3893 1066 3974 βοᾷ,
1093 3894 1197 3971 φωνεῖ.
1236 3888 1369 3952 Homer.

272 3991 364 4056 Iliad.
380 3999 412 4055 P.
429 3994 480 4056 66.
498 3994 574 4074 ἀμφὶ
592 3994 624 4056 δέ
644 3993 698 4056 τόν
712 4018 749 4075 γε
768 3995 853 4060 κύνες
874 3994 980 4075 ἄνδρες
994 4019 1028 4057 τε
1046 3995 1153 4072 νομῆες
1173 3993 1284 4054 Πολλδ
1297 3989 1369 4069 μόλ’

271 4094 399 4171 ἰύζουσιν
420 4095 600 4174 δπόπροθεν.
623 4094 679 4157 ubi
701 4093 797 4176 schol.
811 4094 921 4160 Venet.
944 4095 1096 4181 ἆγροικικῇ
1118 4094 1204 4180 φανῇ
1226 4101 1369 4176 προσφα-

271 4200 384 4268 νοῦσιν,
414 4199 494 4278 παρδ
530 4196 564 4259 τὸ
602 4199 647 4260 ἰοῦ
678 4199 831 4279 ἐπίρρημα,
861 4221 934 4283 quae
966 4196 1129 4282 exscripsit
1158 4193 1372 4283 Etymologua

269 4320 300 4384 p.
316 4301 391 4377 480,
407 4319 437 4378 4.
477 4300 567 4363 Infra
584 4299 883 4386 ιο43.’1νζεμέλος.
916 4301 1029 4390 Suppl.
1045 4304 1118 4386 871.
1138 4303 1207 4376 ’loa
1224 4304 1279 4375 ίοΰ,
1291 4299 1371 4377 'losa

272 4400 318 4463 καί
333 4404 404 4478 βόα.
430 4400 512 4465 lbid.
530 4402 603 4486 825.
616 4400 693 4478 Ἰνζε
709 4404 757 4466 καὶ
779 4402 899 4482 λόκαζε,
915 4405 963 4468 καὶ
978 4405 1063 4468 κάλει
1083 4407 1177 4471 θεούς.
1200 4403 1277 4468 ibid.
1294 4405 1369 4487 805.

272 4500 416 4587 Sophocl.
433 4502 582 4566 Trachin.
600 4504 672 4587 789.
688 4509 781 4578 Βοῶν,
798 4507 892 4580 δόξαν.
923 4505 1010 4570 Hinc
1026 4505 1133 4586 ίνκτής.
1158 4505 1320 4571 Theocrit.
1338 4507 1369 4570 8.
