2978 5062
592 1281 806 1315 *—

415 1495 454 1568 0.
470 1495 515 1569 G.
527 1495 706 1570 Schuetzii
721 1496 977 1594 Prolcycmenc.

150 1717 206 1804 IN
230 1736 359 1802 historia
378 1736 449 1801 belii
465 1739 593 1816 Persici,
608 1763 626 1803 e
645 1763 709 1826 qua
728 1740 889 1827 tragoedias
906 1741 1003 1827 hujus
1021 1754 1242 1826 argumentum

149 1839 257 1903 sumsit
280 1840 462 1926 AEschylus,
485 1841 585 1906 multa
607 1866 684 1920 esse,
708 1842 878 1929 inquibus
901 1858 993 1931 poeta
1017 1843 1057 1906 ab
1079 1842 1243 1918 historicis,

148 1941 328 2006 nominatim
359 1943 533 2022 Herodoto,
556 1943 727 2021 dissentiat,
754 1944 843 2009 facile
868 1944 1123 2032 deprehenditur.
1171 1942 1242 2007 Pri·

149 2065 235 2106 mum
258 2043 289 2106 in
312 2042 501 2130 populorum
523 2045 583 2109 sub
598 2046 710 2108 Xerxe
731 2044 884 2132 stipendia
904 2045 1100 2123 merentium,
1113 2045 1245 2107 ducum·

150 2169 212 2231 que
226 2161 257 2210 et
272 2146 494 2233 imperatorum
517 2146 696 2212 nominibus
717 2170 827 2234 parum
850 2147 877 2211 ei
899 2169 970 2212 cuns
991 2146 1155 2211 Herodoto
1169 2169 1244 2211 con-

149 2249 243 2313 venit.
291 2247 456 2336 Herodoto
478 2248 559 2314 enim
584 2249 609 2311 si
634 2249 790 2314 credimus
818 2254 862 2333 (7,
884 2255 921 2315 61
945 2255 1026 2337 sqq.)
1051 2251 1082 2313 in
1105 2248 1243 2313 exercitu

150 2350 271 2414 Xerxis
287 2350 390 2414 Persis
405 2351 532 2437 praefuit
548 2354 665 2416 Otanes
679 2353 835 2416 Amastris
849 2351 943 2428 fliius,
960 2351 1065 2415 Medis
1081 2350 1244 2437 Tigranes,

151 2453 256 2517 Cissiis
280 2454 441 2540 Anaphes,
458 2454 627 2542 Hyrcaniis
650 2456 865 2540 Megapames,
885 2450 1021 2539 Assyriis
1044 2453 1161 2538 Otapes
1180 2453 1248 2515 Ar-

150 2555 258 2621 tachaei
281 2555 374 2635 filius,
398 2557 531 2622 Bactriis
554 2558 738 2644 Hystaspes,
760 2554 850 2619 Indis
875 2553 1134 2630 Pharnazathres,
1158 2552 1246 2618 Ariis

151 2659 316 2736 Sisamnes,
341 2659 467 2724 Parthis
492 2675 523 2723 et
545 2658 734 2724 Chorasmiis
755 2658 948 2736 Artabazus,
973 2655 1086 2742 Sogdis
1108 2656 1244 2734 Azanes,

150 2762 306 2826 Gandaris
324 2778 355 2826 et
375 2762 504 2828 Dadieis
517 2763 708 2850 Artyphius,
725 2760 847 2849 Caspiis
861 2760 1081 2836 An'omardus,
1100 2759 1246 2846 Sarangis

149 2865 372 2945 Pherendates,
395 2865 566 2952 Paotyibus
587 2869 737 2953 Artynes,
756 2864 842 2929 Utiis
863 2879 894 2929 et
918 2863 1023 2952 Mycis
1046 2866 1245 2941 Arsameues,

151 2968 318 3034 Paricaniis
334 2969 521 3048 Siromitres,
537 2970 699 3034 Arabibus
712 2984 744 3034 et
760 2967 967 3055 AEthiopibus
982 2969 1141 3044 Arsames,
1155 2967 1246 3033 Afris

150 3073 323 3158 Massages,
349 3071 606 3159 Paphlagonibus
634 3089 667 3137 et
696 3070 847 3136 Matienis
876 3070 990 3148 Dotus,
1015 3069 1244 3157 Mariandynis,

150 3175 307 3263 Ligyibus
327 3189 359 3240 et
384 3177 470 3264 Syris
493 3176 639 3262 Gobryas
660 3189 692 3239 et
713 3176 912 3260 Amymones,
928 3171 1111 3258 Phrygibus
1129 3186 1161 3236 et
1181 3174 1247 3235 Ar·

149 3278 247 3342 menis
268 3279 470 3356 Artochmes,
497 3277 600 3364 Lydis
628 3289 660 3339 et
684 3275 788 3362 Mysis
815 3273 1042 3360 Artaphernes‚
1067 3272 1247 3336 Thracibus

151 3379 309 3456 Bassaces,
326 3379 468 3443 Lasoniis
482 3395 542 3442 ete.
558 3376 687 3453 Badres,
702 3375 844 3440 Moschis
858 3397 893 3438 ac
905 3373 1072 3437 Tibarenis
1086 3373 1248 3437 Ariomar-

151 3479 221 3557 dus,
245 3479 450 3544 Macronibus
470 3493 502 3543 et
524 3475 718 3564 Mosyuoecis
739 3478 921 3562 Artayctes,
943 3475 1090 3541 Moribus
1115 3491 1147 3540 et
1172 3474 1247 3540 Col-

151 3582 216 3646 chis
232 3581 454 3659 Pharendates‚
468 3579 627 3646 Alarodiis
641 3593 673 3643 et
685 3577 863 3667 Saspiribus
879 3577 1051 3656 Masistius,
1065 3578 1246 3643 Insularum

151 3684 244 3749 maris
258 3683 420 3772 Erythraei
434 3683 541 3749 incolis
556 3681 752 3748 Mordontes.
799 3684 920 3747 Praeter
937 3680 1029 3746 hosce
1052 3681 1247 3770 singulorum

150 3787 337 3875 populorum
353 3786 518 3874 praefectos
532 3810 585 3851 sex
599 3784 688 3866 alios,
703 3785 759 3873 qui
774 3807 904 3850 summae
919 3807 1022 3849 rerum
1042 3798 1198 3872 praeerant
1214 3785 1248 3848 in

150 3891 286 3955 exercitu
303 3889 451 3969 terrestri,
469 3898 598 3977 (praeter
611 3889 718 3954 decem
733 3887 830 3953 millia
844 3888 1039 3967 selectorum,
1054 3888 1172 3975 quibus
1192 3889 1248 3952 im-

150 3995 280 4080 perabat
302 3993 487 4082 Hydarnes)
508 3993 647 4059 nominat
670 3990 854 4057 Herodotus
873 3994 920 4076 (7,
938 3993 1005 4075 82.)
1030 3991 1247 4070 Mardonium,

151 4094 430 4173 Tritantoechmen,
450 4095 703 4173 Smerdomenen,
720 4095 885 4174 Masisten,
902 4095 1022 4183 Gergin
1045 4109 1077 4160 et
1093 4095 1248 4181 Megaby-

151 4220 231 4261 zum.
278 4197 398 4263 Summi
413 4221 487 4262 vero
501 4196 605 4261 classis
620 4197 759 4284 praet‘ecti
775 4199 940 4264 Herodoto
956 4214 1033 4263 teste
1050 4197 1137 4262 suere
1151 4197 1247 4263 Aria-

150 4299 269 4386 bignes,
285 4303 468 4387 Prexaspes,
485 4298 691 4386 Megabazus,
708 4299 915 4364 Achaemenes
925 4329 933 4375 ;
957 4323 1092 4387 quorum
1115 4301 1174 4365 sub
1193 4324 1248 4365 au-

146 4403 252 4489 spiciis
275 4402 409 4467 Sidoniis
432 4416 566 4489 praeerat
582 4403 831 4480 Tetramnestus,
848 4402 957 4489 Tyriis
972 4404 1104 4492 Mapen,
1120 4405 1249 4470 Aradiis

150 4504 280 4586 Nerbal,
297 4505 446 4571 Cilicibus
470 4505 646 4594 Syennesis‚
664 4504 773 4593 Lyciis
789 4504 1009 4593 Cybernisous,
1026 4505 1153 4595 Cypriis
1168 4508 1251 4572 Gor·
