2978 5062
248 337 313 404 166
608 341 984 406 ANNOTATIONES

290 517 435 599 univerae]
454 519 587 580 κλίνεται
602 518 662 594 M.‚
678 517 732 580 sed
747 518 957 603 superscripto
971 517 1112 581 καίνεται.

289 618 363 700 348.
381 617 513 702 βλαχαὶ]
529 619 646 701 βληχαὶ
659 617 778 703 aliquot
792 617 883 681 codd.
899 632 930 681 et
944 616 1021 680 Ald.
1037 616 1121 681 Rob.

289 737 364 803 350.
389 719 590 803 ἀρτιβρεφεῖς]
615 722 799 800 ἀρτιτρεφεῖς
823 719 873 782 Μ.
897 717 1012 803 aliique
1035 717 1178 781 nonnulli
1201 734 1233 783 et
1259 720 1344 784 Rob.

242 819 357 906 steph.
397 821 516 883 Utrum
532 818 643 906 legerit
665 820 828 885 scholiasta
842 842 904 884 non
923 819 995 883 satis
1016 832 1101 882 certo
1116 818 1219 905 colligi
1241 836 1345 906 potest

243 943 285 983 ex
299 919 358 983 hac
371 920 439 1004 ejus
460 921 671 998 annotatione,
687 920 849 1001 ἐξελάβετο
864 924 896 985 δὲ
911 926 997 984 τοῦτο
1014 920 1062 1002 (τὸ
1077 922 1210 1003 βλαχαὶ)
1226 924 1243 983 ὁ
1258 947 1342 1001 ποιη-

245 1021 297 1100 τὴς
319 1025 367 1087 καὶ
389 1023 437 1086 ἐπὶ
460 1030 518 1087 τῶν
539 1029 670 1105 νεογνῶν
693 1024 741 1086 καὶ
764 1024 926 1105 ἀρτιγενῶν
948 1023 995 1085 καί
1015 1023 1131 1086 ἀτελῶν
1150 1029 1284 1103 βρεφῶν,
1304 1025 1343 1092 ῶς

243 1129 345 1208 τοιᾷδε
367 1130 402 1213 τῇ
425 1129 521 1207 φωνῇ,
538 1125 642 1210 ἀσήμῳ
664 1126 777 1204 δηλαδὴ
798 1125 846 1188 καὶ
868 1125 1013 1209 ἀνάρθριρ,
1036 1124 1205 1207 χρωμένων.
1251 1126 1341 1189 Neu-

245 1239 329 1290 trum
357 1227 450 1290 scribi
475 1228 516 1291 ab
540 1228 693 1314 AEschylo
717 1225 839 1313 potuit:
863 1248 933 1289 nam
961 1225 1156 1290 desideretur
1175 1226 1342 1290 substanti-

243 1351 320 1393 vum
343 1328 470 1414 aliquod
490 1352 563 1392 cum
587 1330 797 1408 ἐπιμαστιδίων
820 1326 1085 1413 conjungendum.
1129 1327 1340 1404 Quamobrem

243 1429 440 1493 scribendum
464 1453 535 1493 cum
560 1429 726 1493 Schuetzio
740 1435 799 1492 τῶν
821 1429 1031 1507 ἐπιμαστιδίων
1052 1429 1117 1508 ἀρτι
1137 1434 1262 1509 βρεφῶν
1276 1426 1340 1511 (vel

243 1530 411 1613 βρεφέων).
435 1532 638 1610 ἐπιμαστίδιον
651 1531 767 1612 βρέφος
788 1529 868 1593 dixit
887 1529 1002 1615 Eurip.
1018 1528 1091 1615 Iph.
1108 1530 1151 1593 Τ.
1170 1548 1243 1614 230.
1281 1529 1341 1593 Al-

244 1631 302 1694 teri
317 1632 478 1716 scripturae
493 1633 676 1713 ἀρτιτρεφεῖς
688 1631 743 1718 qui
757 1631 876 1716 aliquid
892 1629 1093 1694 tribuendum
1105 1630 1258 1716 judicant,
1274 1632 1340 1711 ἄρτι

243 1738 361 1813 τρεφῶν
375 1731 506 1795 scribere
520 1747 678 1818 poterunt.
723 1735 795 1811 Quo
810 1732 1004 1797 substantivo
1020 1732 1189 1819 Sophocles
1204 1755 1279 1797 usus
1292 1748 1340 1797 eat

247 1832 370 1919 (fragm.
387 1836 471 1913 166.)
489 1857 541 1920 ap.
558 1834 679 1897 Athen.
694 1855 725 1917 9.
740 1857 771 1921 p.
786 1855 846 1914 401
868 1835 908 1897 D.

415 1960 453 2022 σὺ
468 1958 502 2032 δ’,
519 1958 542 2022 ῶ
557 1962 681 2042 σύαγρε,
697 1959 886 2039 Πηλιωτικὸν
900 1957 1020 2040 τρέφος·

241 2082 328 2169 quod
342 2083 458 2165 βρέφος
480 2084 628 2172 scriptum
650 2085 680 2147 in
696 2085 830 2171 epitome
851 2107 890 2148 ex
913 2106 1012 2170 eaque
1030 2084 1116 2169 apud
1133 2086 1336 2150 Euatathium

241 2207 272 2271 p.
287 2186 380 2266 1872,
395 2204 443 2248 12.

283 2304 357 2372 352.
380 2286 753 2371 ξυμβολεῖ-λελιμμένοι]
776 2287 921 2372 Rapiene
945 2287 1085 2372 rapienti
1105 2297 1257 2361 occursat,
1280 2310 1336 2352 va·

239 2409 377 2474 οιιιιςριιο
402 2410 536 2451 vacuom
560 2389 702 2465 advocat,
721 2389 829 2475 portio
845 2387 1031 2473 praedarum
1054 2389 1208 2473 cupidam
1232 2412 1338 2455 onmes

240 2509 314 2552 vero
323 2489 424 2575 plura
438 2510 531 2574 quom
546 2498 694 2574 ceperant
712 2497 899 2575 appetenter.
923 2488 1006 2555 κενὸς
1027 2489 1197 2576 opponitur
1218 2493 1257 2576 τῷ
1280 2492 1335 2573 φέ-

238 2614 340 2671 ροντι;
364 2589 456 2676 iiqui
478 2589 617 2653 nondum
640 2605 760 2676 partem
784 2588 824 2652 de
845 2587 953 2676 praeda
974 2603 1135 2676 ceperunt,
1149 2589 1225 2653 alios
1247 2616 1336 2677 aeque

239 2713 355 2754 vacuos
368 2690 531 2754 advocant.
555 2692 701 2770 ξύννομον
716 2689 814 2753 θέλων
829 2690 911 2773 ἔχειν
927 2689 1018 2753 vertit
1034 2689 1131 2754 Stanl.
1144 2693 1336 2780 participem

238 2792 351 2854 labere
376 2792 500 2855 volem:
524 2789 611 2875 quod
637 2791 660 2853 si
686 2790 817 2877 accipias
846 2813 905 2876 pro
930 2793 1050 2854 socium
1072 2791 1201 2878 praedae
1223 2793 1336 2858 habere

239 2893 356 2970 volere,
382 2890 454 2954 satis
483 2890 645 2954 commode
667 2891 791 2954 dicitur.
837 2890 958 2956 Milites
988 2892 1133 2956 nimirum
1163 2892 1336 2979 praedaturi

238 2992 461 3058 commilitones
483 2991 522 3055 ad
544 3014 709 3055 commune
723 2992 896 3078 deripiendi
918 2993 1077 3081 negotium
1094 3017 1204 3058 vocare
1226 2993 1334 3058 solent.

238 3095 306 3159 οὔτε
333 3101 419 3175 μεῖον
446 3091 504 3157 οὔτ’
531 3096 600 3157 ίσον
622 3093 796 3174 λελιμμένοι
822 3094 1065 3181 circumscriptio
1089 3110 1135 3158 est
1158 3101 1218 3159 τῶν
1242 3105 1334 3160 πλεο-

238 3198 428 3264 νεκτούντων.
463 3193 598 3258 Pluralis
612 3194 786 3276 λελιμμένοι
800 3210 862 3259 tam
877 3195 918 3259 ad
934 3195 1066 3278 φέροντα
1080 3218 1175 3282 quam
1190 3197 1231 3261 ad
1247 3198 1335 3263 κενὸν

238 3297 444 3366 referendum.
471 3298 571 3360 SCH.
610 3297 751 3384 Hesych.
767 3303 933 3377 συμβαλεῖς
959 3295 1166 3381 συντυγχάνει.

279 3464 439 3550 ξυμβολεῖ]
456 3397 666 3544 ξυμβιμάἀάίΜ.
697 3463 849 3544 ξυμβαλεῖ
861 3464 909 3528 vel
924 3462 1093 3544 ξυμβάλλει
1114 3464 1235 3529 codices
1257 3488 1333 3530 non-

236 3566 325 3630 nulli.

278 3688 352 3753 354.
367 3667 527 3749 ξύννομον]
545 3667 672 3745 ξύνομον
686 3681 749 3730 tres
761 3666 854 3730 codd.
869 3681 901 3730 et
916 3665 988 3730 Ald.
1005 3667 1091 3730 Rob.

278 3787 351 3854 355.
374 3767 549 3847 λελιμμένοι
573 3769 657 3830 ΑΒ.
679 3766 805 3853 aliique,
820 3767 906 3852 quod
929 3767 960 3830 in
982 3766 1060 3845 aliis,
1083 3767 1164 3831 inter
1180 3791 1261 3854 quos
1281 3771 1332 3833 M.

234 3885 292 3947 en,
305 3869 488 3947 λελημμένοι
502 3867 663 3953 scriptum.
709 3869 761 3931 De
774 3882 910 3954 utroque
924 3867 1006 3932 dixit
1020 3866 1193 3933 scholiasta.
1225 3876 1331 3948 λελιμ-

233 3971 323 4050 μένος
336 3969 428 4057 pauci
442 3990 514 4032 curn
532 3966 603 4031 Ald.
619 3970 702 4032 Rob.
718 3971 821 4034 Turn.

277 4075 349 4155 356.
373 4071 427 4135 τίν’
444 4073 477 4134 ἐκ
498 4072 584 4135 τῶνδ’
606 4069 721 4134 είκάσαι
742 4072 834 4152 λόγος
855 4068 936 4152 πάρα
946 4072 968 4156 ;]
993 4071 1080 4145 Quid
1096 4071 1203 4158 iginer
1222 4092 1263 4134 ea·
1282 4074 1333 4135 liis

233 4175 384 4256 conjicere
397 4175 481 4235 ratio
496 4174 567 4236 ese?
590 4195 613 4235 s.
629 4173 686 4235 Εω
707 4173 757 4237 laio
778 4175 886 4259 igitar
903 4195 1073 4258 φιιαοιιιαιπ
1095 4173 1136 4236 de
1157 4173 1247 4237 nobis
1268 4174 1332 4238 scil.

232 4273 561 4357 conjecturomfacere
575 4274 611 4335 in
624 4282 752 4358 promtu
767 4276 837 4337 eat?
861 4275 961 4337 SCH.
998 4277 1035 4337 τί·
1060 4276 1102 4348 ἐκ,
1121 4277 1332 4362 superscripto

232 4372 286 4437 τίν’
303 4375 345 4449 ἐκ,
362 4373 412 4436 Μ.
447 4375 493 4435 Et
511 4395 619 4436 verum
642 4374 772 4437 fortasse
793 4378 824 4439 τί
841 4377 893 4438 ἐκι
917 4396 1011 4460 quem
1034 4375 1153 4440 hiatum
1176 4375 1208 4440 in
1229 4379 1261 4441 τί
1277 4378 1330 4442 οὖν

231 4475 388 4540 interdum
403 4471 594 4537 admiserunt
610 4471 728 4558 tragici.
