2978 5062
268 331 310 393 40
626 330 1005 394 ANNOTATIONES

267 520 319 571 μιν
334 494 521 573 ἐξαπάτησεν
535 494 585 560 tte
598 494 668 561 πάϊς
681 494 838 569 Ἰαπετοῖο,
855 495 984 576 Κλέψος
999 496 1158 574 ἀκαμάτοιο
1173 495 1265 576 πυρὸς
1281 496 1367 575 τηλέ-

268 621 382 660 σκοπον
404 597 498 677 αὐγὴν
519 595 574 659 Ἐν
594 601 683 683 κοιλῷ
712 598 843 678 νάρθηκι.
880 595 1003 677 Νάρθηξ
1014 597 1134 680 sarathi
1157 612 1213 673 est,
1237 596 1278 660 de
1303 621 1367 682 qun
1426 672 1429 677 ¹

269 697 439 775 Martialis,
456 699 555 762 Claro
570 699 753 762 Prometheo
767 718 896 761 munere
909 698 1004 783 ligna
1017 717 1138 759 stemus.
1177 696 1310 760 Procius
1326 698 1366 762 ad

269 799 403 863 Hesiod.
420 801 482 885 Op.
501 821 530 876 1,
544 819 599 885 52,
621 800 686 864 έστι
707 802 764 880 μὲν
778 798 868 881 πυρὸς
889 800 982 864 ὄντως
1003 798 1185 879 φυλακτικὸς
1207 801 1223 861 ὁ
1247 798 1366 880 νάρθηξ,

268 901 359 980 ἠπίου
374 901 454 984 ἔχων
467 903 659 981 μαλακότητα
673 905 754 974 etan,
769 901 816 964 καί
830 900 953 981 τρέφειν
967 899 1002 962 τὸ
1017 905 1085 981 πῦρ,
1099 901 1147 964 καὶ
1161 900 1202 980 μὴ
1216 902 1369 981 ἀποσβεν-

270 1004 355 1066 υὺναι
369 1002 540 1082 δυνάμενος.
564 1002 638 1067 Vid.
656 1004 784 1065 Kuster.
799 1001 838 1063 ad
857 999 946 1064 Suid.
963 1023 993 1064 v.
1010 1003 1120 1081 κίρκον.
1147 1004 1248 1066 Recte
1262 1021 1368 1067 monet

269 1103 365 1168 schol.
389 1105 428 1167 B.
452 1102 641 1190 AEschylum
665 1103 762 1184 πηγὴν
786 1103 934 1166 κλοπαίαν
952 1101 1077 1179 dixisse,
1098 1125 1197 1188 quum
1216 1105 1369 1170 debuerat

269 1206 360 1287 πυρὸς
387 1208 541 1278 κλοπαίαν,
565 1220 597 1269 et
625 1203 909 1286 ναρθηκοπλήρωτον
933 1225 992 1290 pro
1016 1204 1102 1270 ἐντὸς
1126 1204 1278 1286 νάρθηκος.
1317 1206 1368 1272 Sic

269 1307 351 1370 infra
362 1330 392 1371 v.
414 1326 483 1390 152.
502 1306 766 1387 ἀδαμαντοδέτοισι
787 1306 893 1384 λύμαις
915 1327 972 1390 pro
985 1308 1093 1385 λύμαις
1106 1311 1224 1384 δεσμῶν
1239 1310 1369 1389 ἀδαμαν-

269 1410 369 1472 τίνων.
402 1409 475 1471 600.
502 1407 686 1494 οἰστρηλάτῳ
711 1411 835 1487 δείματι.
874 1405 1035 1471 Theocrit.
1061 1408 1124 1493 Ep.
1152 1409 1190 1470 V.
1221 1410 1367 1495 καροδέτιμ

270 1512 423 1589 πνεύματι.
448 1510 625 1574 BLOMF.

317 1631 387 1675 111.
410 1609 521 1695 πάσης]
546 1616 620 1675 πᾶσι
643 1609 719 1673 ΑΙά.
741 1609 825 1673 Rob.
846 1632 918 1673 com
941 1608 1067 1673 duobus
1086 1609 1178 1674 codd.
1199 1625 1231 1674 et
1249 1638 1295 1693 γρ.
1316 1635 1366 1699 ap.

271 1715 367 1778 H.St.

312 1814 429 1895 πέφηνε
443 1805 581 1878 Α.Β.Μ.
597 1813 721 1900 aliique.
744 1813 860 1895 πέφυκε
875 1812 953 1876 Ald.
970 1814 1054 1877 Rob.

317 1934 387 1981 112.
409 1917 540 2001 τοιάσδε]
558 1921 679 1980 τοιῶνδε
694 1914 830 1979 Vindob.
846 1930 1005 2002 quattuor.
1040 1914 1223 1994 Scholiasta,
1238 1922 1369 1981 Τοιῶνδε

270 2017 485 2099 ἁμαρτημάτων
507 2022 613 2084 ποινὰς
631 2018 691 2081 ἔδει
712 2020 815 2090 εἰπεῖν,
830 2022 884 2080 νῦν
906 2018 939 2080 δὲ
957 2017 1031 2098 πρὸς
1052 2018 1085 2081 τὸ
1104 2018 1209 2085 ποινάς
1224 2019 1279 2099 τὴν
1298 2021 1369 2083 σὺν-

270 2125 353 2197 ταξιν
368 2120 529 2183 ἀπέδωκεν.

317 2240 387 2305 113.
402 2223 565 2303 ὑπαιθρίοις
579 2218 797 2284 Biomfieldus.
836 2220 1019 2305 Legebatur
1032 2222 1192 2300 ὑπαίθριος.

313 2324 474 2405 ὑπαίθριος,
505 2323 679 2389 Subdivus.
718 2323 776 2385 ὑπὸ
805 2321 859 2384 τὸν
887 2320 970 2401 ἀέρα.
1008 2322 1056 2385 καί
1083 2323 1224 2403 ὑπαιθρος
1253 2325 1368 2403 ὁμοίως.

271 2423 406 2487 Photius
421 2426 501 2488 Lex.
516 2438 548 2487 et
560 2424 683 2488 Suidas.
708 2424 885 2500 Subdivus,
897 2425 1047 2505 ὑπαιθρος.
1071 2420 1193 2486 Glossae
1207 2439 1282 2488 vett.
1308 2427 1367 2489 Ve-

270 2541 350 2588 teres
365 2547 438 2588 vero
456 2524 642 2611 plerumque
663 2525 817 2607 ὑπαίθριος
838 2523 878 2587 de
900 2546 1032 2609 persona
1054 2523 1208 2601 dicebant,
1229 2528 1371 2607 ὕπαιθρος

269 2626 310 2690 de
332 2650 374 2689 re.
408 2624 557 2711 Thucyd.
578 2645 590 2687 1
596 2672 605 2702 ,
625 2645 695 2710 134.
719 2626 770 2687 ίνα
790 2625 830 2704 μη
851 2626 1006 2707 ὑπαίθριος
1027 2628 1238 2708 ταλαιπωροίη.
1277 2628 1371 2691 Plato

273 2729 419 2813 Sympos.
435 2749 467 2812 p.
487 2745 546 2810 203
564 2728 605 2790 D.
624 2728 671 2789 ἐπὶ
684 2727 785 2805 θύραις
801 2725 848 2788 καὶ
863 2728 897 2789 ἓν
911 2728 990 2793 ὁδοῖς
1007 2727 1159 2806 ὑπαίθριος
1181 2730 1370 2807 κοιμάμενας.

271 2828 306 2891 τδ
328 2831 483 2908 ὑπαιθρον,
498 2849 554 2890 aer
568 2827 743 2899 stthdialir‚·
767 2830 804 2890 τὰ
824 2829 953 2908 ὕπαιθρα
973 2837 1101 2900 castra·
1126 2830 1198 2896 ναὸς
1218 2832 1369 2910 ὕπαιθρος,

270 2931 418 3016 templum
432 2931 499 2992 sine
514 2937 601 2992 tecto.
637 2927 699 2992 sed
714 2928 746 2991 in
761 2932 878 3014 Agam.
891 2948 964 3013 343.
980 2931 1142 3011 ὑπαιθρίων
1155 2930 1270 3013 πάγων.
1301 2934 1370 2996 Eu·

271 3030 330 3116 rip.
347 3030 503 3095 Androm.
521 3032 593 3094 226.
615 3028 707 3111 ῥανίδ
723 3031 879 3110 ὑπαιθρίας
900 3032 1018 3111 δρόσον.
1043 3031 1150 3094 confer
1165 3032 1369 3119 Oudendorp.

270 3131 311 3195 ad
337 3133 453 3196 Thom.
477 3134 527 3196 M.
550 3131 581 3193 in
607 3153 689 3195 voce.
721 3129 905 3193 Salmasium
939 3131 980 3195 ad
1010 3131 1199 3197 Tertullian.
1226 3133 1266 3197 de
1290 3133 1369 3198 Pali.

270 3256 302 3320 p.
319 3235 370 3318 85.
394 3235 569 3297 BLOMF.

312 3335 524 3401 resonaturus
545 3335 601 3417 ὧν]
624 3333 843 3407 πασσαλεντὸς,
865 3332 980 3396 omisso
1002 3332 1055 3412 δν,
1077 3333 1183 3399 decem
1207 3336 1369 3401 minimum

269 3436 399 3501 codices.
430 3435 679 3514 πασσαλευμένος
702 3437 751 3498 M.
775 3457 847 3498 cum
870 3452 988 3521 septem
1011 3436 1078 3499 aliis
1100 3453 1131 3501 et
1152 3438 1228 3502 Atd.
1245 3462 1285 3503 ex
1306 3463 1371 3526 quo

269 3541 537 3617 πασσαλευόμευος
550 3537 669 3600 sactum
683 3536 715 3600 in
729 3537 797 3600 cod.
815 3536 964 3601 Cantabr.
982 3560 1054 3601 uno.
1081 3541 1372 3621 πεπασσαλευμένος

270 3640 356 3704 Rob.
381 3638 468 3724 quod
497 3652 597 3701 metro
619 3637 887 3702 accommodatum
914 3638 982 3716 erit,
1010 3639 1034 3702 si
1060 3646 1181 3721 δεσμοῖς
1207 3642 1370 3707 scribatur.

269 3741 331 3805 Est
360 3740 426 3803 haec
457 3739 619 3825 scripturas
648 3739 856 3825 discrepantia
885 3741 1038 3826 ejusmodi
1068 3757 1105 3805 ut
1130 3766 1193 3807 non
1217 3744 1283 3808 sine
1305 3743 1372 3809 veri

269 3841 369 3928 specie
383 3840 492 3927 conjici
516 3840 613 3926 possit
627 3839 688 3904 alio
704 3840 890 3926 AEschylum
913 3865 1003 3905 usum
1020 3866 1086 3907 esse
1100 3844 1265 3924 vocabulo,
1280 3846 1373 3932 cujus

268 3943 454 4031 glossemata
469 3942 532 4006 sint
546 3941 835 4021 πεπασσαλευμένος
848 3957 880 4007 et
893 3947 1117 4013 πασσαλευτάς.

315 4065 386 4124 114.
402 4047 422 4108 δ
437 4047 466 4119 δ,
484 4046 520 4109 ἔα
535 4041 585 4127 ἔα]
603 4041 782 4106 Delendum
799 4042 835 4106 ἔα
850 4043 897 4124 ἔα,
907 4044 993 4131 quod
1009 4047 1184 4134 explicandi
1200 4050 1249 4113 δδ
1263 4072 1373 4114 caussa

267 4146 470 4234 adscriptum.
517 4149 567 4210 De
581 4167 647 4230 quo
661 4143 783 4208 dicetur
797 4145 837 4210 ad
853 4170 882 4209 v.
897 4148 973 4231 566.

319 4266 388 4331 115.
411 4249 455 4314 τίς
476 4248 555 4331 ἆχδ]
582 4249 769 4332 Perceperat
791 4270 903 4334 nempe
919 4250 1129 4314 Prometheus
1153 4275 1171 4315 e
1196 4252 1371 4340 longinquo

267 4370 379 4411 currus
392 4347 475 4424 alati,
491 4370 556 4441 quo
572 4347 732 4434 Nymphae
754 4371 811 4434 per
832 4356 934 4413 aerem
957 4350 1205 4432 advehebantur,
1222 4352 1368 4418 sonitum.

268 4451 369 4514 SCH.
