2978 5062
278 327 320 390 42
636 329 1015 399 ΑΝΝΟΤΑΤΙΟΝΕΕΙ

317 495 490 580 κινάθισμα]
517 497 614 561 Levis
635 501 796 584 strepitus.
828 501 934 579 κίνημα
958 499 1100 579 πλήθους·
1124 501 1316 581 παραγώγως·
1340 503 1373 579 ἐξ

274 597 309 660 ού
330 601 445 676 πλῆθος
465 601 683 681 παραγίνεσθαι
701 602 889 666 ὑπακούεται.
911 600 1016 664 Schol.
1032 601 1075 663 Α.
1107 600 1301 686 Hesychius,
1316 600 1373 686 qui

274 696 341 762 haec
363 700 519 777 exscribit,
542 701 622 765 male
644 704 839 784 παραγίνεται
861 702 963 767 habet.
1001 704 1035 766 A
1051 704 1186 778 κιναθίζω
1207 702 1373 781 formatur,

272 801 360 886 quod
376 801 518 886 Hesycb.
532 803 668 889 explicat
683 826 738 890 per
752 806 888 887 μινυρίζω
901 820 932 868 et
948 804 1044 869 κινέω.
1069 805 1246 870 BLOMF.
1286 803 1370 867 κινά·

273 907 372 983 θνσμα
388 903 464 968 Ald.

318 1006 389 1068 128.
408 1007 459 1069 De
473 1022 574 1071 metro
589 1022 670 1072 recte
680 1008 836 1093 judicavit
851 1007 1025 1086 scholiasta,
1040 1010 1057 1070 ὁ
1071 1005 1181 1087 ῥυθμὸς
1193 1005 1372 1087 Ἀνακρεόν-

271 1108 348 1171 τειός
362 1109 428 1171 ἐστι
443 1110 647 1189 κεκλασμένας
660 1111 734 1191 πρὸς
749 1112 784 1174 τδ
800 1113 980 1191 θρηνητικόν.
1020 1111 1136 1173 Versus
1157 1108 1188 1170 in
1205 1107 1278 1171 edd.
1293 1122 1369 1172 vett.

271 1208 314 1270 sic
342 1208 498 1295 descripti,
527 1213 668 1290 μηδὲν-
686 1211 691 1297 Ι
709 1214 917 1294 πτερύγων-
935 1210 941 1298 Ι
960 1211 1149 1293 προσέβα-
1167 1211 1172 1295 Ι
1190 1211 1328 1291 μόγις-
1345 1211 1351 1295 Ι

272 1311 528 1393 κραιπνοφόροι-
546 1312 552 1398 Ι
572 1315 724 1377 κτύπον-
742 1313 747 1400 Ι
767 1317 800 1377 ἐκ
815 1313 885 1377 δ’-
902 1312 907 1399 Ι
927 1316 1074 1392 σύθην-.

317 1411 387 1475 128.
402 1430 474 1496 129.
491 1413 538 1476 Hi
553 1437 661 1477 versus
671 1415 714 1478 sio
729 1415 835 1501 potius
849 1429 922 1478 suut
937 1412 1096 1477 dividendi

441 1516 534 1593 μηδὲν
544 1517 694 1602 φοβηθῇς·
718 1519 806 1597 φιλία
820 1519 878 1598 γδρ
892 1517 944 1595 ἥδε
959 1514 1040 1593 τάξις

442 1617 595 1697 πτερύγων
609 1621 692 1683 θοαῖς
707 1618 848 1696 ἁμίλλαις
861 1615 1001 1699 προσέβα

443 1717 529 1780 τόνδε
543 1716 651 1798 πάγον,
667 1715 847 1802 πατρῴας-

268 1814 448 1902 pariterque
473 1816 505 1880 in
528 1818 735 1905 antistropho‚
759 1819 881 1906 adjecta
910 1833 981 1905 post
1004 1841 1111 1882 versus
1137 1818 1262 1882 Ionicos
1287 1818 1368 1884 duos

247 1961 249 1965 ψ
268 1915 408 1981 clausula
422 1919 640 1985 choriambico.
685 1921 812 1986 Primus
827 1944 934 1984 versus
948 1920 989 1984 ab
1003 1919 1144 1984 anscrusi
1160 1919 1280 2005 incipit,
1294 1921 1367 1984 άνο-

269 2020 404 2099 κλωμένῃ
420 2021 519 2085 Ionici
533 2023 644 2087 sormae
658 2023 836 2112 praeposita,

516 2121 526 2150 l
739 2128 750 2155 Ι

439 2196 462 2206 -
504 2176 644 2221 -o-7
659 2176 943 2219 υυυυυυυυυ

268 2265 306 2328 de
321 2290 385 2352 qua
398 2267 463 2332 dixi
478 2139 518 2333 ld
536 2271 632 2358 Sopb.
648 2271 728 2335 OEd.
744 2293 810 2358 reg.
824 2271 900 2353 483.

314 2370 385 2436 128.
401 2373 570 2461 πτερύγων]
587 2374 668 2436 Nam
685 2395 780 2436 curru
795 2369 923 2434 alitibus
937 2369 1049 2454 juncto
1062 2365 1277 2431 advenerunt:
1300 2365 1366 2433 vid.

267 2486 298 2534 ν·
314 2491 387 2555 135·
405 2488 477 2558 279·

315 2591 384 2656 130.
407 2573 545 2660 πατρῴας
565 2577 652 2656 μόγις
676 2578 776 2656 (μόλις
799 2573 884 2637 Rob.
909 2585 941 2635 et
960 2570 1025 2635 duo
1046 2568 1153 2651 codd.)
1178 2574 1367 2651 παρειποῦσα

267 2672 396 2758 φρένας]
414 2675 507 2752 Quod
528 2699 560 2738 se
581 2675 664 2763 patri
679 2698 762 2761 segre
777 2673 965 2762 persuasisse
979 2671 1096 2749 dicunt,
1113 2686 1149 2735 ut
1163 2672 1201 2735 iis
1213 2694 1365 2736 commea-

266 2785 334 2836 tum
350 2774 450 2853 daret,
465 2775 498 2839 id
513 2800 530 2839 e
545 2791 649 2840 vetere
664 2798 756 2839 sexus
776 2773 944 2852 muliebris,
960 2772 1117 2858 virginum
1133 2772 1285 2858 imprimis
1299 2773 1362 2837 dis-

265 2872 380 2959 ciplina
389 2875 610 2960 judicandum.
658 2878 708 2942 Sic
731 2878 924 2964 paedagogus
938 2875 1115 2961 Antigones
1134 2874 1219 2960 apud
1235 2874 1364 2961 Euripi-

265 2975 336 3038 dem
363 2977 529 3058 (Phoeniss.
553 3003 583 3040 v.
606 2982 671 3063 89.)
697 2980 779 3042 viam
801 2976 1021 3064 circumspicit,
1044 2997 1154 3038 verens
1175 2998 1215 3039 ne
1239 2975 1310 3062 quis
1330 2975 1362 3039 in

265 3077 426 3165 publicum
441 3080 647 3166 prodeuntem
662 3081 744 3166 regis
758 3078 852 3142 filiam
868 3076 1033 3164 vituperet.
1059 3079 1159 3140 SCH.

310 3199 381 3266 131.
407 3184 619 3265 κραιπνοφόροι
642 3181 675 3246 δέ
692 3180 721 3261 μ’
738 3182 879 3263 ἔπεμψαν
898 3180 996 3263 αὖραι]
1015 3180 1130 3241 Versus
1151 3177 1202 3242 hic
1224 3177 1362 3242 dubitari

264 3296 366 3366 potest
392 3296 498 3346 utrum
529 3283 571 3346 sic
600 3284 641 3346 sit
670 3280 855 3357 metiendus,
882 3278 938 3342 -'o
952 3315 973 3342 υ
991 3276 999 3364 Ι
1015 3277 1072 3341 lo
1087 3313 1108 3341 υ
1122 3316 1145 3327 -
1163 3276 1169 3365 Ι
1188 3315 1209 3342 υ
1223 3276 1246 3327 -'
1259 3316 1297 3356 -‚
1321 3302 1361 3343 an

263 3383 606 3472 dactylico-trochaicus
622 3385 673 3461 sit,
1374 3430 1381 3469 ,

434 3511 637 3583 ζυλθέυλιθ
656 3505 820 3605 ¹¹:⁹⁸³·

263 3654 340 3717 Una
353 3653 394 3716 ab
409 3653 497 3716 initio
511 3652 632 3740 syllaba
650 3667 761 3715 auctus
782 3665 830 3713 est
845 3670 953 3712 versus
971 3667 983 3709 ι
988 3669 1007 3733 3
1010 3664 1042 3730 5.
1065 3649 1158 3727 σύθην
1180 3647 1204 3711 δ’
1220 3648 1363 3717 άπέδιλος

261 3757 325 3842 ὄχῳ
339 3760 487 3841 πτερωτῷ.

308 3876 488 3941 132-134.
505 3855 552 3919 Hi
568 3877 675 3918 versus
690 3853 732 3916 sic
747 3851 862 3915 rectius
875 3848 1101 3927 describentur,

306 3961 415 4023 κτύπον
426 3962 484 4041 γδρ
497 3960 561 4042 ἀχὼ
571 3956 709 4040 χάλυβος
724 3957 822 4033 διῇξεν
832 3954 947 4033 ἄντρων
959 3951 1066 4032 μυχὸν,
1080 3952 1113 4013 ἐκ
1123 3950 1147 4015 δ’
1160 3949 1272 4030 έπληξέ
1281 3976 1340 4030 μον

304 4063 360 4122 τδν
375 4064 538 4141 θεμερῶπιν
552 4062 634 4124 αἰδῶ.

262 4161 334 4238 Quo
356 4176 448 4245 pacto
470 4161 520 4224 hic
543 4182 671 4246 quoque
692 4157 814 4221 numeri
837 4153 936 4218 Iouici
955 4155 995 4217 ab
1017 4150 1158 4216 anacrusi
1177 4150 1362 4236 incipientes

260 4260 415 4326 finiuntur
429 4261 568 4327 clausula
582 4259 798 4324 choriambico.

305 4362 583 4447 κτύπον-ἄντρων]
609 4363 717 4426 Sonus
740 4359 823 4421 euim
845 4376 886 4418 ex
896 4355 992 4438 ferri
1016 4353 1153 4417 stridore
1174 4355 1210 4416 in
1228 4363 1360 4418 antrum

261 4484 357 4550 usque
371 4472 514 4527 nostrum
523 4464 714 4550 penetrauit.
755 4456 875 4522 Scilicet
887 4457 954 4542 jam
968 4466 1135 4537 antequam
1151 4455 1361 4521 Prometheus
