2978 5062
619 348 687 413 AD
709 349 898 415 PERSAS.
1244 350 1309 417 268

252 528 327 597 307.
343 515 626 600 θαλασσόπληκτον]
650 516 739 580 Libri
757 516 878 604 aliquot
892 520 1167 585 θαλασσάπλοκτον
1185 519 1235 585 vel
1257 525 1309 585 θο-

209 617 474 698 λασσάπλαγκτον,
491 615 531 681 de
545 640 609 704 qua
623 619 803 706 corruptela
817 620 899 685 conf.
916 643 990 706 quoe
1009 620 1049 685 de
1072 623 1256 693 άλίπλακτος
1276 639 1310 688 et

208 716 412 800 δλίπλογκτος
428 717 598 784 dictasunt
614 720 655 784 ad
672 721 768 809 Soph.
783 723 841 809 Aj.
857 739 933 808 597.

251 819 357 905 νῆσον]
373 819 540 885 Salamina.

249 941 324 1007 309.
353 924 620 1009 πελειοθρέμμονα]
651 925 843 1012 Hesychius,
870 928 1003 992 Πέλειον
1029 928 1180 1009 θρέμρονο
1203 935 1305 1017 νῆσον,

206 1019 417 1104 Ἀριστοτέλης
441 1026 517 1108 φησὶ
544 1028 699 1109 διαφέρειν
727 1028 903 1110 περιστέρας
930 1032 978 1093 καὶ
1006 1030 1137 1098 πελειάς.
1163 1047 1195 1095 ct
1221 1056 1304 1111 mox,

206 1130 429 1210 Πελεστόθρην.
452 1133 545 1207 νῆσον
566 1129 621 1209 τὴν
642 1132 838 1209 Σαλαμινίαν.
878 1132 965 1194 Beue
987 1131 1160 1210 Amaldus,
1176 1135 1305 1202 vocibus

204 1225 415 1312 Ἀριστοτέλης
429 1258 456 1294 κ.
470 1256 497 1294 τ.
511 1239 542 1294 λ.
558 1230 589 1295 in
604 1230 832 1318 praeoedcntem
846 1231 980 1318 glossam
998 1233 1131 1319 rejectis,
1146 1251 1247 1301 cetera
1262 1238 1305 1305 sic

204 1331 376 1418 conjungit,
400 1332 665 1413 Πελειοθρέρμονα
679 1338 781 1413 νῆσον.
804 1338 1022 1417 πελειοτρόφον
1044 1341 1147 1416 νῆσον.
1170 1340 1224 1419 τὴν
1242 1348 1302 1406 Σο·

204 1437 356 1514 λαμινέαν.
394 1436 513 1501 Melius
541 1437 632 1511 foret,
657 1437 923 1520 Πελειοθρέμμονα
946 1442 1048 1517 νῆσον.
1075 1447 1302 1527 πελειοτρόφον.

203 1537 268 1617 ἤτοι
289 1538 345 1617 τὴν
366 1545 532 1620 Σαλαμῖνα.
578 1538 631 1604 Sic
652 1539 826 1618 scholiasta,
846 1541 899 1620 τὴν
922 1544 1016 1620 νῆσον
1035 1541 1089 1621 τὴν
1107 1548 1266 1628 πελειοθρέ
1289 1590 1301 1602 -

202 1665 289 1720 μονα.
311 1639 376 1721 ἢτοι
397 1641 451 1721 τὴν
470 1647 637 1723 Σαλαμῖνα.
684 1641 775 1707 Idem
798 1656 959 1730 comparat
983 1643 1187 1710 Homericum
1207 1657 1302 1713 πολυ-

203 1741 336 1823 τρήρωνά
357 1768 390 1808 τε
413 1745 546 1825 Θίσβην,
571 1742 663 1807 Iliad.
680 1750 714 1807 Β.
728 1760 803 1828 502.
841 1742 997 1808 Stauleius
1019 1749 1181 1832 sequentia
1202 1765 1300 1817 notat.

204 1842 424 1909 “Salaminem
439 1844 571 1909 insulam
587 1844 714 1909 Veneris
729 1847 760 1908 in
775 1846 874 1909 tutela
888 1844 984 1910 fuisse
998 1870 1037 1911 ex
1053 1849 1195 1914 Homero
1210 1851 1301 1918 disci-

202 1967 274 2010 mus
282 1970 292 2024 ;
316 1946 401 2012 unde
415 1946 575 2034 probabile
589 1962 637 2012 est
650 1946 810 2012 columbas
829 1969 952 2011 summa
965 1970 1041 2011 cura
1054 1948 1170 2014 incolas
1183 1955 1301 2020 enutri-

203 2047 292 2126 visse,
317 2063 413 2135 atque
437 2048 571 2114 insulam
596 2048 634 2113 iis
656 2047 850 2113 abundasse:
879 2047 990 2112 Veneri
1015 2049 1098 2114 enim
1121 2075 1207 2118 sacra
1232 2055 1300 2124 baec

200 2150 296 2216 avis?
317 2152 492 2218 BLOMF.

243 2274 318 2340 312.
332 2256 524 2337 Φερεσσεάης
536 2255 666 2320 Amo.
682 2267 715 2318 et
729 2267 791 2318 tres
803 2251 866 2317 alii.
894 2255 1064 2335 φρεσσεάης
1078 2257 1129 2321 Μ.
1144 2272 1175 2323 et
1190 2260 1300 2348 Mosq.

200 2360 390 2439 φορεσσςάης
404 2359 444 2422 F.
478 2360 622 2441 φρεδεάης
636 2356 721 2422 Rob.
754 2353 925 2439 φερεσέβης
938 2354 1018 2420 Ald.
1034 2357 1117 2423 Rob.
1151 2362 1299 2443 φερεσσέ-

199 2466 258 2540 βης
272 2461 375 2524 Turn.

242 2582 317 2649 313.
340 2563 528 2649 Φαρνοῦχος]
552 2562 600 2627 καὶ
615 2566 787 2645 φαρνοΰχος
802 2561 930 2625 Barocc.
947 2562 985 2626 C.
1005 2561 1082 2628 Ald.
1104 2564 1153 2629 rol
1167 2571 1297 2648 φανοῢρ-

199 2688 255 2746 χος
280 2664 364 2729 Rob.
394 2672 415 2704 “
428 2667 510 2729 Tres
538 2667 691 2749 ἵππαρχοι,
720 2661 880 2748 equitatus
903 2662 1054 2749 proefecti,
1084 2682 1298 2733 memorantur

199 2765 367 2832 Herodoto
403 2784 434 2851 7,
471 2767 525 2846 88,
561 2788 696 2853 quorum
734 2763 845 2829 tertius
881 2766 1058 2849 Φαρνούχης
1092 2768 1297 2856 appellatur.”

199 2868 365 2933 STANL.

241 2971 316 3056 οἵδε]
330 2973 392 3036 οἵτε
406 2972 459 3034 Μ.
472 2984 504 3035 et
519 2985 581 3036 tres
593 2970 646 3035 alii
659 2992 732 3035 cum
749 2969 833 3034 Rob.

240 3073 311 3140 ναδς
326 3073 433 3161 steph.
451 3086 482 3137 et
495 3072 588 3138 codd.
611 3073 682 3153 νηδς
697 3074 802 3137 Turn.
826 3074 899 3139 νεὸς
912 3071 989 3136 Ald.
1006 3073 1089 3138 Rob.

239 3194 313 3261 314.
336 3175 484 3263 Χρυσεὺς]
509 3174 618 3240 Civem
641 3187 730 3238 notat
743 3197 782 3238 ex
806 3174 884 3237 urbe
899 3173 1034 3260 Chrysa,
1049 3175 1141 3260 cujus
1162 3179 1295 3244 nominis

197 3276 291 3341 urbes
315 3276 501 3343 exstiterunt
528 3277 646 3363 plures,
672 3273 854 3360 dequibus
880 3297 910 3337 v.
939 3274 1133 3360 Stephanum
1158 3273 1293 3365 Byzaut.
1380 3337 1390 3357 ‚

196 3381 356 3446 PAUW.
400 3380 489 3445 Male
512 3376 691 3444 Bruncltius
705 3384 727 3415 ‘⁴
740 3375 901 3462 Chryseus
918 3395 1032 3437 nomen
1054 3391 1101 3441 est
1118 3380 1292 3464 proprium.

196 3482 362 3568 Sequentia
383 3481 516 3547 nominis
532 3480 651 3567 duplex
666 3494 713 3542 est
727 3476 829 3554 lectio,
846 3474 1023 3549 Μάταλλος,
1040 3476 1213 3546 Μέταλλος.
1252 3482 1291 3545 In

196 3584 235 3649 B.
252 3584 421 3649 scholium:
446 3587 463 3649 d
484 3584 647 3649 Μέταλλος
664 3581 772 3664 'Aput'
793 3580 840 3659 ἦν,
858 3578 905 3641 καὶ
927 3579 976 3642 διδ
991 3583 1078 3642 τοῦτο
1100 3580 1149 3644 καὶ
1168 3581 1222 3660 τὴν
1241 3582 1293 3662 μέ-

193 3694 303 3752 λαιναν
317 3689 409 3753 ἵππον
423 3687 496 3771 εἶχε.
532 3690 670 3750 Τοιοῦτοι
685 3686 743 3766 γδρ
757 3685 787 3746 ol
798 3680 957 3762 Ἀροβικοὶ
971 3681 1086 3745 tarot?

237 3788 414 3874 Μάταλλος]
430 3788 592 3854 Μάτταλος
606 3784 686 3850 Ald.
712 3783 876 3850 Μέταλλος
891 3782 971 3846 B.C.
988 3782 1072 3847 Rob.
1089 3784 1195 3847 Turn.
1222 3785 1293 3849 Μά·

192 3898 305 3959 ταλλος
321 3890 445 3978 steph„
460 3888 622 3954 scholiasta
636 3901 668 3952 et
681 3886 772 3957 codd.
788 3885 940 3973 plerique.

233 3990 460 4076 μυριόνταρχος]
490 3987 699 4077 Myriarchas‚
729 3986 784 4073 qui
814 3988 922 4051 decem
956 3982 1094 4048 millibus
1128 3985 1290 4052 hominum

191 4107 371 4180 praeessent,
386 4094 419 4157 in
434 4092 572 4157 exercitu
589 4092 754 4154 Persarum
775 4085 959 4151 constitutos
980 4084 1076 4149 fuisse
1097 4102 1203 4151 monet
1222 4090 1291 4154 He-

190 4194 321 4260 rodotus
336 4210 368 4278 7,
384 4195 437 4258 81.
456 4196 514 4259 Kal
528 4191 687 4277 χιλιάρχας
699 4216 734 4255 τε
753 4189 801 4254 καὶ
815 4187 978 4270 μυριάρχας
993 4186 1201 4266 ἀποδέξαντες·
1224 4193 1290 4257 έκα-

190 4296 356 4381 τοντάρχας
370 4295 466 4361 τεκαὶ
481 4294 626 4379 δεκάρχας
640 4295 670 4357 ot
682 4290 850 4373 μυριάρχαι.
875 4288 1045 4385 STANL.

233 4400 307 4485 316.
329 4397 446 4480 πυρρὴν
461 4398 630 4460 Porsonus.
663 4395 760 4473 πυρδν
774 4404 925 4477 quattuor
947 4387 1042 4454 codd.
1060 4400 1093 4454 et
1107 4388 1185 4455 Ald.
1201 4392 1287 4457 Rob.

189 4503 304 4583 πυρρδν
316 4497 430 4585 reliqui
444 4511 476 4563 et
490 4498 595 4562 Turn.
