2978 5062
200 358 264 419 882
558 350 935 417 ANNOTATIONES

241 520 511 608 περσονομοῦνται]
535 522 638 588 Schol.
662 521 823 598 recentior,
851 524 924 584 κατὰ
945 519 1013 585 τοὺς
1036 522 1166 598 Περσῶν
1192 521 1304 596 νόμους

199 623 363 707 διάγουσιν.
1258 633 1264 642 ’

241 728 314 811 586.
332 727 384 790 οὐκ
400 727 455 811 ἔτι]
471 726 530 790 οὐδ’
547 729 591 791 ἔτι
604 728 652 790 Μ.
665 727 780 813 aliique
795 724 947 803 nonnulli,
959 737 991 789 et
1005 750 1053 805 γρ.
1068 720 1128 787 οὐδ’
1144 723 1188 786 ἔτι
1202 743 1300 784 anno-

199 843 298 893 tatum
315 829 346 892 in
363 830 448 894 Α.Β.

241 932 496 1017 δασμοφοροῦσιν]
516 933 683 996 Trihntum
706 934 852 996 reddunt.
890 929 1004 993 Minus
1023 942 1106 991 recte
1128 925 1300 1013 Etymolo-

196 1057 257 1119 gns
271 1057 301 1120 p.
320 1054 395 1114 249,
410 1053 462 1118 31.
479 1040 680 1116 δασμοφορεῖν
695 1034 831 1121 explicat
846 1031 957 1116 φόρους
971 1028 1150 1111 λαμβάνειν.
1189 1030 1299 1092 Hero-

197 1134 263 1200 dot.
282 1138 313 1212 6,
329 1138 382 1213 48.
398 1137 512 1203 ᾰλλους
526 1139 559 1200 δὲ
575 1137 698 1218 κήρυκας
717 1136 859 1216 διέπεμπε
881 1138 914 1201 ἐς
934 1137 988 1200 τδς
1010 1135 1119 1196 έωῦτοῦ
1138 1129 1298 1212 δασμοφό-

195 1263 265 1318 ρους
288 1236 394 1305 πόλιας
423 1242 474 1305 τὰς
499 1240 773 1319 παραθαλασσίους.
815 1237 895 1301 Vide
921 1238 988 1300 loca
1016 1234 1057 1299 ab
1082 1234 1171 1298 AEm.
1197 1234 1300 1297 Porto

196 1339 299 1418 citata,
316 1341 396 1404 Lex.
414 1341 483 1403 Ion.
499 1340 529 1403 in
546 1363 631 1404 voce.
662 1340 773 1421 δασμός
787 1339 984 1428 peculiariter
998 1338 1038 1402 de
1054 1339 1222 1401 Persarum
1238 1335 1297 1400 tri·

194 1442 280 1506 butis
302 1443 387 1528 apud
410 1456 552 1506 auctores
570 1444 698 1506 Graecos
720 1443 865 1529 ponitur:
890 1441 954 1506 vid.
970 1439 1124 1527 Xenoph.
1139 1438 1248 1503 Anah.
1268 1458 1297 1517 1,

199 1564 228 1622 1,
246 1546 276 1607 8.
301 1546 475 1609 BLOMF.

237 1647 311 1730 587.
334 1648 566 1710 δεσποσύνοισιν
581 1642 734 1731 ἀνάγκαις]
753 1646 1001 1709 Νευθυιιῗίαίίδιιι
1022 1667 1092 1732 quae
1113 1668 1134 1708 ιι
1157 1646 1298 1709 «luminis

194 1749 411 1833 imponuntur.
445 1746 560 1833 Eurip.
588 1746 743 1810 Androm.
771 1767 841 1831 131.
871 1750 901 1810 τί
924 1773 974 1810 σοι
1003 1747 1103 1828 καιρὸς
1132 1746 1297 1832 ἇτνζομίνᾳ

195 1847 285 1928 δέμας
321 1850 454 1915 αίκέλιον
492 1851 682 1928 καταλείβειν
713 1855 878 1914 Δεσποτῶν
915 1846 1076 1930 ἆνάγκαιςς
1116 1849 1295 1914 BLOMF.

195 1954 426 2016 δεσποσύνοισιν
442 1954 492 2017 Μ.
507 1952 621 2039 aliique
636 1950 727 2015 multi
742 1975 814 2016 cum
831 1951 939 2038 Steph.
978 1953 1200 2037 δεσποσῦνῃσιν
1215 1951 1294 2016 Ald.

195 2053 277 2118 Rob.
295 2056 398 2119 Turn.

236 2157 312 2239 588.
329 2157 404 2242 οὔτ’]
423 2157 629 2223 Scribendum
646 2155 704 2222 οὐδ’
720 2180 791 2221 cum
809 2155 981 2221 Brunckio.

235 2261 447 2338 προπίτνοντες
462 2263 499 2325 Β.
523 2261 755 2342 προσπίπτοντες
769 2259 877 2348 vulgo,
894 2260 951 2324 nisi
966 2258 1053 2346 quod
1070 2261 1294 2340 προσπίτνουσα

193 2360 276 2424 Rob.
299 2364 535 2442 προσπίπτοντες
548 2361 667 2449 aliquot
682 2362 773 2426 codd.
795 2368 1034 2444 προσπιτνῦντες
1050 2360 1152 2425 Viteb.

235 2464 309 2548 589.
338 2467 497 2549 βασιλεία]
526 2468 672 2544 βασίλεια
699 2464 805 2552 vulgo.
845 2463 991 2528 Correxit
1021 2462 1228 2528 Blomfieldus
1252 2487 1292 2528 ex

191 2565 391 2629 annotatione
418 2566 598 2644 scholiastae,
622 2571 658 2630 τὰ
683 2571 802 2631 τοιαῦτα
824 2563 922 2630 πάντα
946 2570 1064 2645 κτητικδ
1088 2567 1203 2647 μακρὸν
1228 2567 1294 2651 ἔχει

192 2667 226 2729 τὸ
241 2694 269 2730 α.
316 2669 393 2733 Post
406 2671 552 2748 βασίλεια
571 2670 601 2732 in
620 2671 714 2733 L.M.
737 2670 886 2732 inscrtum
909 2669 927 2746 ἡ
948 2668 1095 2747 βασιλικὴ
1116 2690 1156 2732 ex
1176 2667 1292 2754 glosse-

193 2784 285 2833 mate.

234 2887 310 2953 591.
326 2873 387 2933 οὐδ’
402 2872 457 2956 ἔτι]
473 2872 541 2935 οῦδέ
555 2898 583 2935 τι
599 2872 681 2935 Rob.
705 2873 774 2936 οὐδέ
787 2898 832 2935 τοι
847 2871 912 2935 duo
926 2871 1017 2936 codd.
1041 2874 1093 2936 οὐκ
1109 2873 1151 2936 ἔτι
1167 2873 1273 2938 Viteb.

233 2989 308 3055 595.
324 2973 452 3053 ἄρουραν
467 2975 635 3036 Porsonns.
674 2974 857 3060 Legebatur
871 2976 989 3055 ἄρουρα.

233 3075 307 3156 596.
328 3075 521 3159 περικλύστα]
546 3075 708 3139 Homerid.
737 3077 859 3162 Hymn.
881 3076 913 3138 in
940 3074 1051 3162 Apoll.
1076 3076 1147 3140 18¹.
1175 3075 1292 3156 Δήλοιο

191 3178 394 3257 περικλῦστης.
432 3178 602 3265 Ephippus
624 3201 673 3265 ap.
691 3178 809 3243 Athen.
828 3181 858 3242 8.
881 3202 912 3265 p.
927 3181 1003 3264 346.
1020 3180 1057 3264 F.
1079 3184 1129 3258 τῆς
1150 3183 1291 3261 περικλύ-

191 3305 263 3344 στου
279 3278 303 3344 δ’
319 3281 405 3348 ἁλίας
421 3281 542 3363 Κρήτης.
588 3283 638 3345 De
657 3282 805 3345 feminina
823 3282 924 3345 forma
937 3284 1119 3362 περικλύστα
1131 3281 1194 3346 νὶ(Ι.
1211 3284 1291 3347 Por-

191 3405 255 3444 son.
272 3383 311 3446 ad
335 3385 447 3471 Eurip.
466 3386 556 3450 Med.
574 3387 646 3451 822.
686 3387 833 3448 Ceterum
859 3383 1032 3446 Simonides
1054 3384 1085 3447 in
1109 3383 1221 3471 Epigr.
1237 3409 1289 3472 ap.

191 3484 352 3549 Plutarch.
369 3488 453 3550 Mor.
477 3510 507 3573 p.
526 3489 597 3568 870.
615 3489 653 3550 E.
670 3487 710 3550 de
726 3485 897 3550 Corinthiis
914 3485 969 3572 qui
988 3508 1097 3572 pugna
1120 3486 1291 3552 Salaminia

189 3586 424 3665 interciderunt,
463 3595 529 3652 Νῦν
566 3589 590 3652 δ’
628 3592 697 3669 ἄμμ’
735 3593 862 3655 Αἴαντος
903 3594 995 3657 νᾶσος
1039 3589 1104 3673 ἔχει
1143 3587 1288 3672 Σάλαμις.

192 3690 366 3753 BLOMF.

233 3809 307 3876 597.
324 3792 465 3876 Περσῶν]
482 3792 686 3856 Scribendmn
703 3799 827 3875 Περσᾶν
842 3816 913 3858 cum
936 3794 1131 3859 Blomfieldo.
1164 3798 1290 3876 σώματα

190 3894 345 3980 adjectum
362 3894 392 3956 in
411 3895 493 3957 Rob.
510 3918 549 3958 ex
564 3895 689 3960 scholio.

231 3996 305 4078 598.
330 3995 465 4075 ἔμπειρος
491 3998 530 4058 L.
553 3998 734 4085 Cantabrig.
760 4014 902 4085 uterque,
930 3998 1037 4062 Guelf.
1063 4001 1232 4065 Lambeth.
1256 4017 1288 4067 ct

189 4097 271 4160 Rob.
305 4096 392 4160 Libri
409 4097 518 4182 reliqui
536 4100 670 4180 ἔμπορος,
686 4100 771 4186 quod
789 4117 949 4187 utcunque
963 4101 1097 4187 explicat
1111 4101 1286 4184 scholiasta,

188 4199 314 4279 ἔμπορος
327 4205 386 4261 τῶν
401 4206 506 4274 κακῶν,
521 4202 614 4282 ἤγουν
629 4203 767 4282 ἔμπλίων
780 4209 841 4270 τοῖς
857 4211 964 4271 κακοῖς.

233 4301 305 4362 601.
323 4302 421 4387 εὐροῇ]
438 4304 551 4383 εὐροεῖν
566 4303 680 4368 dicitnr
693 4305 831 4382 fortuna,
848 4329 945 4391 qnum
964 4330 1012 4370 res
1030 4308 1074 4371 ad
1095 4307 1287 4371 voluntatem

188 4406 456 4486 nostromflmmt‚
475 4407 654 4491 metaphora
665 4422 804 4493 postcaa
821 4408 932 4473 Stoicis
947 4408 1113 4495 saepissime
1131 4408 1284 4474 adhibita.
