2978 5062
295 344 367 410 AD
390 344 582 410 SEPTEM
607 346 855 411 ADVERSUS
879 346 1081 411 THEBAS.
1178 346 1242 415 189

136 507 294 588 ediderat,
306 510 392 598 quod
401 513 542 598 picturce
551 513 645 577 demta
658 522 841 577 mereretur.
865 514 965 578 Hom.
978 512 1019 576 Il.
1029 519 1069 589 X,
1080 530 1151 597 294
1169 511 1241 591 Δηΐ-

137 619 244 692 φοβον
258 612 362 678 έιιᾶλει
376 614 571 679 λευκάσπιδα.
597 614 695 679 Albae
710 637 826 703 parmae
840 615 924 701 picta
938 614 1117 700 opponitur,
1133 613 1242 701 quales

138 713 276 779 ducibus
289 713 339 779 rel
349 716 496 802 spectatis
506 716 657 782 militibus
671 740 834 782 concessas.
858 716 1018 804 Virgilius,
1032 719 1108 781 AEn.
1122 737 1154 800 7,
1167 717 1240 802 796.

486 817 561 905 picti
577 833 666 884 scuta
681 819 801 883 Labici.

138 919 176 981 id
193 927 249 996 m,
264 916 368 1006 inquit
390 919 528 996 Servius,
543 921 580 982 ιἰι
599 921 676 984 bello
682 922 877 1006 frequenter
891 920 1040 1005 probati:
1064 918 1149 982 unde
1169 921 1240 983 Ηο-

139 1038 246 1081 merus
267 1017 309 1082 Il.
324 1023 363 1096 Λ,
378 1039 432 1105 32·
471 1021 718 1106 Agamemnonis
734 1019 879 1108 clypeum
902 1023 1124 1086 πολυδαίδαλον
1143 1035 1241 1086 vocat.

140 1121 215 1183 Hoc
238 1142 313 1184 vero
334 1143 374 1184 ex
392 1119 568 1207 insignibus
589 1137 707 1209 septem
729 1123 846 1187 ducum
869 1122 902 1186 in
925 1124 983 1187 hac
1003 1123 1070 1210 ipsa
1090 1123 1243 1210 tragoedia

139 1220 214 1284 satis
227 1234 361 1285 constat.
385 1223 553 1287 STANL.

183 1341 234 1407 92.
254 1324 428 1409 τέο-θεᾶν]
445 1327 526 1389 Haec
539 1324 571 1388 in
588 1348 686 1389 unum
699 1348 822 1390 versum
837 1328 1067 1414 conjungenda.

184 1425 229 1508 ἄρ’
243 1449 309 1490 om.
323 1426 444 1513 aliquot
458 1426 551 1492 codd.
568 1440 600 1491 et
615 1426 691 1490 Ald.

184 1549 238 1613 94.
254 1529 344 1614 θεῶν]
359 1535 419 1595 τῶν
434 1535 512 1594 θεῶν
526 1529 612 1594 Rob.

184 1630 270 1716 θεᾶν]
285 1636 409 1696 θεαινΐιν
422 1630 514 1696 codd.
530 1630 650 1717 aliquot
664 1649 695 1696 et
710 1633 795 1697 Rob.
834 1633 901 1697 Alii
915 1635 1042 1719 quidam
1059 1640 1193 1700 θεαινῶν.

185 1751 347 1816 95-104.
363 1734 481 1797 Versus
502 1733 534 1796 in
550 1732 627 1798 Ald.
643 1734 686 1798 sie
700 1733 790 1798 divisi
812 1738 966 1816 πότερα-
985 1738 991 1820 l
1010 1740 1200 1816 δαιμόνων-
1219 1734 1224 1821 Ι

141 1834 307 1914 ἆκμόζει-
324 1833 331 1922 Ι
349 1835 556 1918 ἆγάστονοι-
575 1834 580 1921 l
600 1836 753 1900 κτύπον·
771 1835 776 1919 Ι
796 1838 1030 1919 ἀμφὶ-ἕξομεν.

185 1955 239 2021 95.
261 1937 576 2022 πότερα-δαιμόνων]
593 1939 709 2002 Versus
724 1962 762 2002 ex
777 1938 903 2003 duobus
919 1938 1071 2003 dochmiis
1085 1954 1116 2003 et
1130 1940 1244 2003 cretico

141 2037 341 2125 compodtus.

186 2157 238 2223 97.
253 2140 387 2223 βρετέων
402 2140 512 2228 Stepb.
529 2156 561 2205 et
575 2163 648 2228 pars
661 2141 815 2206 codicum.
842 2142 909 2205 Alii
924 2141 1058 2222 βρετέων
1073 2141 1097 2204 δ’
1116 2157 1151 2205 ut
1166 2142 1242 2208 Ald.

142 2241 228 2307 Rob.
247 2244 350 2307 Turn.

187 2345 325 2430 ἔχεσθαι]
354 2345 464 2429 ἔχεσθε
485 2345 607 2432 aliquot
631 2346 722 2410 codd.
747 2360 779 2409 et
802 2344 878 2408 Ald.
906 2346 1022 2424 Turn,
1046 2366 1107 2407 non
1133 2344 1242 2433 Stepb.

143 2446 348 2511 “Notissima
362 2463 502 2512 veterum
520 2447 726 2526 consuetudo,
738 2470 803 2533 qua
821 2447 853 2510 in
876 2447 970 2512 rebus
989 2447 1244 2532 desperatissimis

143 2548 309 2614 simulacra
321 2549 453 2615 deorum
468 2549 767 2637 complectebantur.
807 2549 1031 2614 Andromache
1046 2548 1132 2636 apud
1148 2547 1243 2612 Euri-

142 2649 248 2738 pidem
263 2675 295 2714 v.
311 2670 379 2735 115.

229 2753 313 2834 Πρὸς
326 2756 385 2818 τόδ’
400 2757 524 2835 ἄγαλμα
538 2759 607 2822 θεᾶς
623 2756 712 2824 ἱκέτις
725 2758 794 2838 περὶ
807 2761 891 2839 χεῖρε
905 2761 1056 2835 βαλοῦσα.

144 2854 253 2944 Virgil.
268 2859 345 2922 AEn.
364 2876 394 2936 2,
409 2874 484 2943 517.
500 2857 540 2921 de
556 2859 692 2923 Hecuba
707 2875 738 2923 et
753 2859 844 2934 natis,

488 2959 608 3022 Divum
624 2959 777 3047 amplexae
791 2959 955 3023 simulacra
970 2958 1129 3022 tenebant.

142 3064 242 3140 Quem
256 3059 398 3126 imitatus
413 3061 548 3125 Ovidius
563 3062 695 3126 Metam.
715 3081 765 3145 13,
780 3079 856 3140 412.

227 3163 405 3228 Dardanias
419 3179 534 3227 matres
549 3164 721 3247 patriorum
736 3164 824 3249 signa
839 3164 979 3228 Deorum

228 3267 315 3331 Dum
331 3266 403 3330 licet
417 3265 606 3353 amplexas.”
630 3264 798 3328 STANL.

188 3388 256 3432 ιον.
271 3367 559 3452 πέπλων-ἕξομεν]
575 3366 702 3431 Haecin
720 3387 817 3429 unum
834 3385 960 3426 versum
975 3359 1203 3448 conjungenda.

188 3490 258 3555 103.
283 3468 381 3534 λέταν’
404 3469 572 3534 Seidlerus.
606 3470 696 3532 λιτᾶν
718 3465 839 3529 codices
864 3481 896 3529 et
918 3467 1021 3528 Turn.
1054 3464 1139 3540 λιτὴν
1162 3460 1240 3524 Ald.

142 3572 225 3637 Rob.
264 3581 286 3613 “
298 3573 392 3638 Conf.
409 3574 521 3661 Suppl.
538 3572 612 3655 809.
628 3568 682 3633 ubl
697 3567 775 3646 μέλη
789 3568 907 3631 λίτανα.
929 3568 1038 3629 λέτανα
1052 3564 1177 3628 πέπλων
1192 3564 1241 3626 καὶ

142 3676 278 3758 στεφέων
292 3676 442 3740 dicuntur
463 3691 499 3741 ut
517 3677 598 3755 ἁβρὰ
613 3669 753 3752 παρηῒδος
775 3670 856 3733 Eur.
875 3667 988 3732 Phoen.
1007 3685 1098 3750 1493.
1122 3665 1242 3742 ἄνολβα

139 3779 354 3859 βουλευμάτων
370 3779 468 3866 Soph.
485 3781 564 3842 Ant.
582 3773 693 3859 1265.”
716 3771 935 3835 SEIDLER.
970 3771 1065 3831 Prece
1079 3766 1240 3850 occupabi-

141 3899 219 3943 mur.
255 3881 308 3944 Ita
323 3893 405 3943 recte
421 3879 598 3946 Scbutzius.
633 3873 834 3940 Constructio
848 3886 905 3948 est,
919 3868 983 3934 πότ’
999 3871 1026 3930 εἰ
1039 3866 1079 3945 μὴ
1095 3869 1157 3937 νῦν,
1175 3867 1238 3944 έξο-

140 4005 194 4056 μεν
210 3982 289 4064 αμφὶ
307 3984 395 4044 λιτᾶν
416 3983 541 4048 πέπλων
564 3982 611 4046 καὶ
631 3975 779 4058 στεφέων.
803 3973 822 4035 i.
838 3995 863 4035 e.
883 3989 991 4056 preces
1006 3987 1068 4052 per
1081 3967 1192 4051 peplos
1211 3976 1241 4031 et

140 4084 268 4146 corollas
289 4082 539 4170 oblotoasactas.
577 4080 650 4146 vid.
664 4077 756 4142 Iliad.
774 4082 810 4154 Z,
826 4092 900 4155 270.
938 4070 1036 4131 Hunc
1050 4067 1153 4129 locum
1168 4089 1241 4131 cou-

143 4183 212 4248 tulit
228 4181 398 4269 Berglerus
418 4210 490 4251 cum
509 4183 655 4272 Alciphr.
675 4201 702 4243 1.
720 4197 769 4244 αι.
793 4176 879 4256 ἡλίου
901 4170 978 4251 ἀμφὶ
999 4168 1085 4230 δύσιν
1107 4167 1238 4250 ἔχοντος.

143 4297 172 4346 ο
186 4285 314 4349 Arsin.
332 4283 416 4348 mss.
432 4290 526 4356 Alex.
546 4312 573 4355 1.
596 4311 631 4374 p.
649 4301 702 4367 23.
724 4281 793 4343 ὅσοι
807 4277 885 4357 αμφὶ
899 4271 977 4358 ᾠδὴν
992 4269 1107 4351 ἔχουσι·
1144 4270 1240 4335 Adde

145 4381 292 4473 Xenoph·
310 4387 430 4473 cyrop.
446 4409 477 4476 5.
494 4395 534 4459 aa
549 4395 604 4457 fin.
628 4391 644 4451 ι
666 4387 722 4466 μυ
738 4379 892 4460 ranan
912 4372 989 4453 ιμφι
1009 4374 1130 4435 δεῖπνον
1148 4373 1240 4455 αχεν.

144 4483 191 4548 Cl'.
208 4485 323 4569 Eurip.
342 4484 494 4561 Phoeniss.
511 4497 602 4581 1763.
628 4485 800 4554 BLOMF.

666 4613 681 4652 S
697 4607 714 4653 2
