2978 5062
322 352 390 416 AD
413 352 604 417 SEPTEM
629 351 878 416 ADVERSUS
903 351 1104 415 THEBAS.
1197 348 1260 412 125

158 517 285 584 exulem
307 524 365 584 nec
385 520 505 585 auxilio
517 521 718 597 subiecerint,
735 544 792 586 nec
807 521 879 586 ritae
898 519 1036 585 subsidia
1058 517 1259 604 praeboerint.

159 620 333 708 Euripides
352 621 385 685 in
408 622 581 687 Phoenissis
600 623 642 688 ob
666 623 893 710 turpitudinem
916 623 1079 687 incestuosi
1106 643 1177 685 cum
1203 621 1260 683 Jo-

157 738 243 788 eaata
257 722 407 791 connubii
421 723 579 810 OEdipum
602 748 621 789 a
642 725 713 788 filiis
734 724 875 790 custodia
889 723 1044 788 inclusum
1067 723 1173 800 luisse,
1188 743 1259 786 nar·

159 841 220 904 rat,
234 826 370 913 ideoque
384 849 455 891 eum
471 826 566 891 animi
588 826 777 914 aegritudine
798 826 988 890 laborantem
1007 824 1092 889 diras
1111 824 1182 888 filiis
1203 824 1260 887 im-

159 942 322 1014 precatum
336 951 403 993 esse
413 940 435 991 ¹.
467 929 612 1014 Ineptum
628 951 702 992 rero
715 928 853 993 dirarum
869 950 993 993 causam
1008 950 1028 991 a
1041 925 1165 1014 cyclicae
1177 926 1261 990 Tha-

160 1028 271 1092 baidos
284 1039 413 1095 auctore
434 1031 641 1107 confictam,e
662 1030 758 1095 schol.
783 1029 929 1118 Sophocl.
951 1027 1261 1093 commemoravimus

159 1130 246 1195 adr.
262 1132 346 1212 7863
371 1155 435 1218 qua
458 1145 561 1195 tamen
584 1132 669 1197 haud
694 1132 756 1197 scio
773 1155 812 1196 an
828 1133 921 1196 etiam
944 1131 1078 1218 ineptior
1099 1129 1148 1206 sit,
1164 1151 1259 1216 quam

161 1233 359 1298 Athenoeus⁸
382 1257 421 1296 ex
450 1233 512 1299 alio
537 1235 769 1299 Thebaioorum
798 1233 947 1319 scriptore
973 1234 1074 1309 affert,
1100 1232 1259 1317 OEdipum

160 1334 240 1400 lilios
261 1334 333 1399 ideo
347 1350 553 1412 exsecratum,
572 1336 659 1422 quod
676 1337 734 1401 sibi
756 1335 881 1423 pocula,
895 1360 968 1422 quae
988 1349 1149 1401 aversatus
1169 1348 1259 1410 esset,

160 1437 374 1524 apposuerint.

205 1538 377 1625 AEsehylus
401 1539 559 1626 OEdipum
583 1555 655 1605 ante
684 1540 764 1605 lilios
793 1556 952 1604 mortuum
982 1563 1059 1616 esse,
1091 1537 1261 1626 Sophocles

161 1663 236 1705 vero
257 1655 289 1705 et
310 1641 482 1728 Euripides
501 1641 539 1705 iis
560 1643 758 1729 superstitem
782 1643 896 1721 fuisse3
919 1657 951 1708 et
973 1641 1026 1706 ille
1045 1641 1173 1728 quidem
1192 1641 1258 1726 jam

160 1756 235 1807 ante
258 1743 370 1808 horum
397 1742 513 1807 caedem
539 1744 692 1821 exulasse,
715 1744 766 1809 hic
790 1768 866 1809 vero
893 1745 1020 1809 demum
1049 1743 1158 1808 occisis
1180 1742 1218 1805 iis
1241 1763 1262 1804 a

163 1847 299 1909 Creonte
314 1844 436 1909 Thebis
450 1846 616 1932 expulsum
632 1846 728 1910 fuisse
741 1847 843 1911 linxit.

204 1948 257 2011 De
276 1946 385 2011 mortis
405 1970 520 2034 genere
538 1964 570 2012 et
592 1949 734 2035 sepulcro
749 1947 834 2011 haud
857 1947 956 2033 magis
977 1949 1059 2011 inter
1077 1969 1109 2010 se
1130 1968 1260 2011 consen-

162 2048 246 2113 tiunt
259 2061 412 2115 auctores.
458 2050 540 2113 Sunt
554 2050 611 2135 qni
628 2073 661 2113 se
679 2049 782 2136 ipsum
796 2048 943 2114 occidisse
964 2048 1186 2135 perhibeant¹3
1208 2046 1261 2111 alii

162 2149 273 2214 morbo
297 2164 330 2214 et
353 2172 486 2214 moerore
511 2151 700 2216 exstinctum
727 2163 856 2216 narrant
866 2165 892 2214 ¹¹.
933 2151 1119 2237 Sepulcrum
1146 2150 1260 2237 OEdipi
1385 2167 1390 2177 '

164 2251 337 2333 AEschylus
357 2252 485 2339 quidem
504 2252 626 2317 Thebis
647 2275 763 2339 ponere
784 2252 918 2317 videtur.
957 2253 1009 2317 cf.
1025 2275 1057 2315 v.
1072 2271 1146 2334 914.
1167 2271 1260 2333 1004.

162 2354 210 2417 At
232 2354 405 2418 Pausanias
422 2355 506 2418 intra
527 2370 648 2441 septum
673 2356 835 2441 Areopagi
860 2353 993 2418 Athenis
1015 2352 1129 2439 OEdipi
1152 2375 1262 2417 monu-

162 2468 317 2533 mentum,
342 2478 444 2542 eoque
467 2479 537 2520 ossa
561 2457 631 2542 ejus
653 2456 775 2521 Thebis
800 2456 964 2543 deportata
992 2455 1088 2519 fuisse
1116 2455 1257 2520 scribit¹.

163 2557 268 2622 Aliam
298 2581 374 2622 vero
400 2558 540 2623 fabulam
569 2558 643 2622 satis
670 2557 823 2645 prolixam
854 2558 1015 2622 contexuit
1041 2557 1260 2644 Lysimachus,

162 2681 256 2746 quam
273 2661 368 2725 refert
383 2659 478 2724 schol.
493 2659 533 2724 ad
550 2660 695 2746 Sophocl.
711 2661 824 2748 OEdip.
840 2659 911 2726 Col.
926 2684 956 2724 v.
972 2662 1023 2725 62.

207 2761 247 2825 In
270 2761 429 2847 Polynicis
451 2761 625 2848 sepultura,
648 2786 721 2849 quur
743 2787 841 2851 quum
860 2788 880 2827 a
899 2779 1007 2828 senatu
1033 2763 1259 2827 Thebanorum

162 2863 259 2928 vetita
272 2877 363 2943 esset,
376 2864 550 2950 Antigonae
570 2866 763 2930 nemsionem
785 2867 1027 2953 pulcherrimam
1049 2865 1124 2930 lacit
1145 2863 1262 2930 amabi-

163 2965 223 3028 lem
237 2965 343 3030 lratris
355 2989 504 3043 amorem,
519 2967 740 3054 egregiamque
753 2968 849 3033 animi
865 2968 999 3033 indolem
1015 2966 1260 3044 demonstrandi,

163 3067 293 3132 aemulos
314 3067 425 3132 habuit
440 3069 613 3156 AEschylus
629 3070 814 3158 Sophoclem
833 3072 865 3135 in
883 3072 1056 3157 Antigone,
1068 3084 1100 3135 et
1114 3070 1145 3133 in
1162 3069 1259 3133 Phoe-

162 3168 252 3233 nissis
266 3169 465 3257 Euripidem,
481 3193 654 3256 eorumque
672 3172 809 3258 ingenia,
826 3189 862 3237 ut
876 3172 955 3258 quid
976 3172 1007 3234 in
1031 3171 1141 3236 eodem
1164 3194 1260 3256 argu·

163 3286 268 3335 mento
293 3270 414 3336 efficere
437 3287 576 3358 possent,
600 3273 825 3361 experirentur,
852 3274 1262 3338 excitavit—SCHUET-

205 3475 258 3540 De
283 3489 424 3562 tempore
447 3474 545 3562 hujus
573 3476 690 3542 fabulae
719 3491 841 3540 tantum
871 3491 1065 3564 compertum
1095 3475 1258 3554 habemus,

162 3576 364 3662 posteriorem
387 3577 501 3656 Persis,
514 3577 536 3640 i.
550 3601 579 3643 e.
602 3593 673 3665 post
686 3580 804 3666 olymp.
820 3579 873 3662 76,
886 3597 919 3661 4.
934 3579 1050 3642 editam
1066 3601 1142 3642 esse.
1181 3576 1259 3640 Ari·

162 3676 330 3764 stophanes
343 3677 427 3745 enim
441 3701 541 3765 quum
563 3678 595 3742 in
616 3680 738 3745 Raris!
754 3681 832 3745 hanc
853 3681 1098 3768 tragoediamita
1112 3691 1262 3744 memoret

194 3887 241 3926 rr.
253 3877 293 3941 65.
302 3894 339 3943 sq.
356 3878 472 3929 Similiter
482 3881 533 3929 scra
544 3880 605 3930 sua
618 3881 736 3932 Thabmd.
753 3898 772 3943 r,
785 3895 798 3929 2
802 3882 840 3944 38.
851 3899 901 3947 sqq.
931 3883 1074 3945 Fulgentius
1085 3892 1166 3930 alitam
1179 3880 1262 3942 OEdipi

161 3959 226 4007 diras
236 3958 332 4008 ulmtio
342 3959 467 4022 preteriit,
479 3962 528 4009 lab.
537 3959 578 4024 67.
588 3960 627 4010 68.
705 3974 716 4003 ι
729 3963 892 4027 Dsipnosoph.
906 3978 943 4012 ιι.
955 3981 978 4026 p.
990 3962 1047 4026 465.
1128 3961 1261 4024 tFulgent

161 4039 210 4087 fab.
224 4050 280 4100 ²4²·
398 4049 414 4079 u
427 4039 458 4087 In
466 4039 530 4088 hanc
543 4050 636 4103 parton
646 4044 774 4092 concedere
785 4044 881 4093 ridetur
892 4044 1027 4107 Apollodor.
1038 4045 1080 4092 lib.
1093 4057 1116 4091 2.
1136 4044 1201 4105 [Hoc
1212 4058 1261 4093 nun

161 4121 271 4183 sequitur
280 4137 312 4170 ax
323 4121 402 4170 verbis
413 4121 553 4185 Apollodori
565 4137 589 4185 3,
602 4139 615 4186 5
627 4132 705 4172 extr.=
722 4124 879 4187 προσδεχθεὶς
896 4124 939 4171 ὑπὸ
951 4122 1132 4183 Θησέως-μετ’
1143 4124 1170 4172 οὐ
1186 4124 1263 4174 πολὺν

161 4200 250 4264 χρόνον
260 4200 397 4264 ἀπίθανα]
466 4213 480 4242 ¹
494 4204 549 4252 ldb.
564 4219 585 4252 1.
596 4221 617 4254 c.
631 4206 670 4254 28.
682 4222 706 4267 p·
715 4203 755 4269 69
767 4207 804 4255 ed.
815 4205 900 4253 Knhn.

195 4283 292 4333 rVars.
307 4295 476 4348 ¹⁰¹9·¹0²l·

559 4364 561 4368 ’
628 4353 796 4400 ΔΙΟΝΏΟΣ.

325 4443 365 4492 καὶ
375 4443 401 4492 ri
411 4443 442 4494 ab
453 4444 540 4510 δράσω
551 4445 625 4497 οὕτως
635 4447 719 4497 ahons
730 4446 852 4508 γενναίους
863 4447 1005 4509 ἐξεδίδαξας

325 4522 443 4586 Αἰσχύλε,
454 4524 532 4589 λέξον,
542 4527 596 4588 μηδ’
608 4527 712 4578 αὐθαδὸς
723 4527 895 4589 σεμνυνόμενος
905 4526 1045 4593 χαλέπαινε.
1199 4596 1252 4641 m
