2978 5062
202 325 268 389 312
563 327 942 393 ANNOTATIONES

245 512 321 578 970.
336 495 474 581 Μίρφιι]
491 497 635 578 biluwas
648 497 727 562 ΑΜ.
744 499 828 563 Rob.

246 594 398 684 Θάρυβις]
414 601 555 680 Θόρνβις
572 599 648 663 ΑΙᾶ.
672 598 805 681 Θάμυρις
818 600 938 687 aliquot
951 601 1043 666 codd.
1059 618 1092 666 et
1108 603 1195 668 Rob.

246 700 436 785 Μασίστρης]
456 704 636 783 Μασίστρας
650 702 783 767 B.C.M.
801 704 961 782 Manios-qr
982 704 1180 769 scribendum
1205 705 1309 770 videri

202 800 268 866 dixi
283 800 324 865 ad
341 825 371 864 v.
386 821 440 888 30.

246 922 321 987 971.
363 903 563 990 Ὑσταίχμας]
601 909 791 991 Οίσταίχμαπ
826 906 900 971 Ald.
944 910 1134 991 Οίσταίχμας
1170 909 1306 974 Barooc.

245 1144 320 1210 972.
335 1125 523 1206 ἐπαίρομαι
538 1128 579 1191 Β.
610 1127 716 1214 Vulgo
730 1128 923 1210 ἑπασέροραι.
957 1128 1160 1210 ἓπαναιρόμην
1174 1131 1213 1194 A.
1252 1133 1308 1197 De

201 1251 262 1293 usu
276 1227 467 1314 subjunctivi
482 1228 549 1292 dixi
562 1228 604 1293 ad
620 1229 716 1317 Sopb.
732 1229 812 1294 OEd.
828 1229 897 1295 Col.
913 1231 1006 1315 1560.

244 1348 318 1417 973.
334 1332 368 1393 u
384 1332 431 1415 ld]
450 1333 484 1394 ίὸ
499 1348 546 1395 ter
563 1333 613 1395 Μ.

243 1432 309 1520 μοι]
338 1433 519 1519 legebatur
544 1459 595 1513 μοι
615 1459 675 1515 μοι.
720 1435 867 1498 Alterum
896 1459 948 1514 μοι
976 1433 1093 1498 omittit
1123 1436 1214 1523 Lips.
1247 1460 1307 1504 nec

201 1535 326 1599 videtur
340 1533 449 1618 legisse
462 1533 626 1598 scholiasta
641 1535 796 1599 metricus.

243 1654 316 1721 974.
332 1636 477 1718 ὸγνγίσνπ
491 1637 579 1700 cM.
595 1636 711 1723 aliique
725 1636 876 1701 nonnulli.
899 1637 1028 1720 ὧγσγίας
1041 1637 1147 1725 vulgo.

243 1756 316 1823 975.
331 1734 475 1821 Ἀθάνας]
491 1735 621 1817 Ἀθήνας
636 1738 745 1803 Guelf.

243 1842 317 1926 976.
342 1840 434 1925 lli]
453 1840 468 1905 ἒ
487 1839 535 1905 bis
554 1839 624 1905 cod.
641 1839 741 1928 Lipa,
757 1839 857 1904 sexies
878 1841 910 1904 in
933 1841 1083 1904 Cantabr.
1107 1841 1219 1928 primo.
1268 1847 1306 1910 Si

198 1945 231 2009 in
245 1943 442 2033 antistropho
455 1957 539 2008 recte
553 1942 669 2029 legitur
681 1945 743 2028 βοᾷ
756 1947 828 2026 βοᾷ,
844 1941 1040 2007 scribendum
1056 1943 1114 2007 erit
1135 1945 1167 2008 ll
1189 1946 1233 2020 ἑέ,
1253 1949 1304 2012 vel

199 2047 234 2127 ἐὴ
249 2047 294 2125 ἐή.

241 2148 437 2236 ἀσπαίρουσι]
453 2150 612 2230 ἆπσίρσυσι
625 2145 745 2232 aliquot
758 2145 850 2211 codd.
864 2162 896 2211 et
910 2147 988 2211 Ald.
1004 2149 1107 2212 Turn.

241 2267 315 2336 979.
330 2250 400 2333 τὸν]
414 2256 474 2314 τῶν
488 2251 527 2315 C.
544 2251 647 2313 Turn.

242 2353 343 2439 αὐτοῦ]
359 2352 450 2417 αὐτὸν
464 2351 542 2415 Ald.

240 2458 313 2538 980.
330 2455 384 2519 rba
396 2477 460 2518 om.
474 2453 595 2541 aliquot
607 2451 699 2516 codd.
715 2468 746 2516 et
760 2452 836 2516 Ald.
850 2478 858 2516 :
886 2467 956 2539 post
971 2453 1029 2518 σὸν
1041 2454 1173 2518 collocat
1189 2458 1301 2525 Turn.

239 2556 340 2642 πάντ’]
357 2555 418 2621 ὄντ’
435 2556 534 2621 Paris.
551 2577 634 2620 unus
647 2569 679 2618 et
694 2554 777 2617 Rob.

239 2658 414 2746 ὀφθαλμὸν]
440 2659 493 2722 Ita
518 2657 648 2736 dictum,
671 2655 757 2742 quod
782 2657 851 2741 ejus
872 2679 933 2743 ope
956 2653 1064 2730 πάντα,
1093 2671 1129 2720 ut
1153 2655 1305 2742 loquitur

195 2760 310 2825 Suidas
340 2764 383 2843 (v.
409 2760 567 2842 ὀφθαλμὸς
590 2758 756 2842 βασιλέως)
782 2761 799 2822 ὁ
823 2758 970 2839 βασιλεὺς
994 2756 1164 2831 ἐπεσκόπει,
1187 2765 1305 2827 mania

195 2862 317 2944 (scribit
332 2862 489 2948 Apuleius
504 2861 544 2925 de
564 2860 698 2945 mundo)
713 2884 784 2949 quoe
803 2863 918 2949 ubique
934 2862 1126 2947 gererentur
1147 2861 1303 2931 ducebat,

195 2963 322 3027 Etenim
354 2965 521 3027 Persarum
554 2984 644 3047 reges
679 2963 835 3028 ministros
871 2959 1023 3046 quosdam
1058 2959 1206 3036 habuere,
1237 2968 1302 3048 qui

194 3067 349 3148 ὀφθαλμοὶ
368 3064 531 3145 βασιλέως,
554 3066 755 3152 irnperawris
775 3066 858 3130 ccidi
883 3061 1044 3146 (reddente
1066 3059 1219 3147 Apuleio)
1244 3065 1300 3130 di.

194 3168 346 3233 cebantur
366 3191 385 3232 a
406 3189 535 3232 munere
556 3167 603 3231 vel
625 3167 746 3243 offici03
773 3165 925 3256 quioquid
946 3163 1029 3229 enim
1051 3165 1084 3228 in
1106 3179 1173 3228 toto
1194 3187 1301 3252 regno

194 3290 350 3359 ageretur,
366 3293 474 3335 eorum
488 3285 555 3334 erat
568 3269 610 3334 ad
624 3293 727 3357 regem
743 3272 876 3336 deferre.
914 3269 1114 3357 Hesychius:
1137 3270 1301 3341 Βασιλέως

194 3373 360 3456 ὀφθαλμός·
384 3371 531 3452 ἐπίμπετό
545 3399 590 3440 τις
602 3375 661 3438 ὑπὸ
675 3373 827 3454 βασιλέως
845 3376 1015 3450 ἐπίσκοποι,
1032 3372 1065 3439 ὃς
1085 3374 1237 3452 ἔφεωρᾶτο
1259 3378 1300 3440 rb

193 3476 360 3559 πράγματα,
384 3475 420 3539 ὃν
442 3481 495 3540 τοῦ
516 3475 669 3554 βασιλέως
690 3475 851 3558 ὀφθαλμὸν
874 3472 1011 3538 ἐκάλουν.
1034 3469 1191 3535 Aristides
1212 3487 1298 3540 orat,

192 3601 344 3666 panegyr.
361 3576 520 3663 Cyzicena
534 3577 595 3641 vol.
611 3599 637 3641 1.
653 3602 685 3666 p.
699 3597 774 3659 424.
791 3578 883 3642 Cant.
903 3576 920 3637 ὀ
939 3576 996 3652 μὶν
1016 3576 1074 3654 γὰρ
1087 3575 1146 3632 σῶν
1162 3575 1299 3651 Περσῶν

192 3681 341 3747 Βασιλεὺς
363 3677 459 3743 ἐδόκει
479 3704 507 3743 τι
529 3677 673 3763 διάφορον
693 3683 851 3758 κεκτῆσθαι
871 3676 926 3739 τὸν
940 3675 1124 3751 καλούμενον
1137 3676 1298 3750 βασιλέως

192 3781 361 3865 ὀφθαλμόν.
395 3781 460 3846 Dio
481 3781 644 3869 Chrysost.
671 3805 702 3869 p.
726 3799 768 3866 55
791 3781 852 3844 D.:
883 3778 979 3855 ὁμὲν
1000 3773 1120 3856 Πέρσης
1144 3776 1198 3838 ἕνα
1223 3785 1297 3845 τινὰ

192 3886 297 3969 ἔσχεν,
320 3884 480 3966 ὀφθαλμὸν
500 3884 655 3964 βασιλέως
673 3881 851 3966 λεγόμενον,
867 3884 972 3943 τοῦτον
993 3876 1028 3938 οὐ
1053 3881 1217 3940 σπουδαῖον
1240 3883 1297 3946 ἄν.

191 3992 319 4071 θραπον,
336 3985 405 4050 ἀλλ’
421 3990 455 4052 ἑκ
472 3993 531 4051 τῶν
550 3986 758 4071 ἐπιτυχόντων·
782 3985 900 4065 ἇγνοῶν
921 3981 966 4044 ὅτι
988 3982 1040 4040 τοῦ
1062 3979 1175 4060 ἀγαθοῦ
1196 3986 1294 4058 βασι.

190 4089 267 4157 λίαν
281 4092 310 4154 ol
330 4091 415 4171 φίλοι
432 4088 541 4156 πάντες
557 4091 635 4154 εἰσὶν
650 4086 811 4171 ὀφθαλμοί.
857 4081 981 4161 Quibus
1001 4093 1103 4142 lamen
1119 4080 1222 4144 verbis
1243 4084 1296 4152 bis

190 4210 351 4280 peccatum
367 4208 434 4268 est3
459 4214 561 4278 neque
579 4191 660 4255 enim
677 4187 731 4254 uni
747 4200 879 4262 tantum,
896 4204 952 4246 nec
967 4179 1058 4243 alicui
1074 4204 1091 4244 e
1107 4181 1296 4268 vulgaribus

188 4294 388 4360 deferebatur
408 4293 468 4358 boc
492 4293 639 4358 officium.
684 4293 776 4356 Duos
794 4286 889 4351 fuisse
910 4283 954 4348 ait
975 4281 1152 4348 scholiastes
1173 4301 1294 4371 noster,

189 4397 249 4462 isto
263 4419 391 4461 munere
405 4397 549 4470 functos;
580 4411 614 4461 at
634 4391 816 4480 Xenophon
830 4389 947 4476 plures,
962 4384 1025 4447 imo
1039 4388 1174 4461 multos;
1203 4407 1294 4476 post.

189 4520 284 4588 quarn
299 4496 381 4565 enirn
396 4522 449 4565 eos
463 4498 628 4577 refelleret,
644 4497 699 4585 qui
715 4493 842 4560 unicum
862 4487 1079 4555 existimarunt
1094 4490 1213 4576 Cyrop.
1231 4491 1292 4561 lib.
