2978 5062
263 339 327 408 298
621 337 999 402 ANNOTATIONES

263 502 327 552 tem
350 486 584 573 conjuratorum
610 486 746 564 nomina,
772 486 873 551 tribus
897 486 1023 551 senariis
1045 486 1176 566 inclusa,
1200 511 1217 551 e
1241 488 1361 574 quibus

263 604 374 670 tertius
391 627 428 668 eo
442 602 563 668 facilius
584 603 616 667 in
637 617 758 668 textum
780 604 915 691 irrepere
935 603 1084 691 potuerit,
1099 605 1185 691 quod
1208 628 1362 670 numerus

263 709 346 774 ἔκτος
367 704 468 769 ordini
490 728 601 792 regum
624 706 665 770 ab
684 707 837 795 AEschylo
855 720 1106 772 enumeratorum
1130 707 1362 794 responderet.”

262 813 369 876 Acute
383 809 511 895 quidem
533 809 614 887 haec,
629 831 665 873 ac
681 832 760 874 vere.
799 809 938 874 Schutzii
961 809 1143 874 sententiam
1167 808 1287 873 calculo
1302 832 1362 874 suo

262 913 446 1000 comprobat
468 910 645 976 Larcherus
665 912 706 975 ad
728 911 883 978 Herodot.
902 911 965 976 vol.
980 928 1013 995 5.
1035 936 1067 999 p.
1084 913 1155 998 283.
1191 911 1294 976 Schol.
1318 913 1360 976 ad

261 1039 292 1078 v.
310 1033 381 1103 799.
405 1017 503 1096 Κύρου
523 1015 586 1083 υἱὸς
611 1018 628 1078 ὁ
649 1017 823 1096 Καμβύσης·
846 1014 979 1096 ἀδελφὸς
1001 1017 1044 1088 δὲ,
1069 1017 1142 1078 κατὰ
1164 1013 1359 1088 Ἑλλανικὸν,

263 1120 407 1202 Μαρφύου
437 1119 485 1183 καὶ
510 1117 677 1197 Μεμφίδος.
714 1117 769 1180 Ex
797 1115 857 1179 hoc
883 1116 1025 1197 Μαρφίος
1052 1115 1156 1178 forsan
1180 1116 1361 1201 provenerit

261 1223 346 1287 istud
361 1219 485 1304 Μάρφις
498 1221 547 1284 vel
564 1218 716 1301 Μάραφις.
741 1219 916 1282 BLOMF.

305 1329 380 1409 778.
392 1325 548 1410 Μαράφις]
564 1323 688 1405 Μάρφις
702 1322 782 1386 Ald.
798 1323 882 1387 Rob.
906 1321 1067 1404 Μάραφνις
1080 1321 1200 1409 aliquot
1213 1320 1307 1386 codd.

305 1429 329 1492 τ’
345 1451 406 1493 om.
422 1430 472 1492 M.
487 1442 519 1492 et
535 1427 633 1491 Paris.
649 1448 741 1490 unus.
764 1425 788 1490 δ’
805 1425 913 1490 Guelf.

307 1546 380 1614 779.
396 1531 477 1611 κάγὼ
490 1526 589 1592 πάλου
606 1526 631 1590 δ’
648 1528 759 1608 ἔκυρσα
772 1533 880 1607 τοῦπερ
893 1527 1005 1606 ἤθελον
1019 1527 1071 1589 Μ.
1083 1539 1114 1590 et
1129 1549 1185 1589 sex
1198 1524 1261 1603 alii,
1277 1541 1361 1591 recte

262 1631 321 1696 nisi
343 1630 430 1717 quod
452 1629 477 1693 δ’
498 1630 530 1693 in
550 1627 575 1693 r’
590 1628 777 1693 mutandum
799 1650 840 1692 ex
856 1628 941 1691 A.B.
963 1629 1043 1709 κάγὼ
1064 1625 1089 1690 δ’
1110 1627 1221 1707 ἔκυρσα
1239 1624 1361 1692 πάλλου

262 1737 372 1812 τοῦπερ
395 1730 507 1810 ἤθελον
529 1728 600 1793 Ald.
640 1733 720 1812 καγὼ
743 1732 854 1812 ἔκυρσα
875 1729 989 1796 πάλους
1011 1733 1117 1810 τοῦπερ
1140 1729 1251 1808 ἤθελον
1275 1728 1360 1794 Rob.

263 1834 344 1915 xdydr
366 1831 391 1895 δ’
408 1833 519 1913 ἔκυρσα
538 1836 646 1914 τοῦπερ
666 1833 778 1912 ἤθελον
798 1832 898 1897 πάλου
921 1835 1025 1896 Turn.
1063 1830 1246 1909 Scholiasta,
1265 1837 1362 1900 κακῶς
1408 1848 1412 1854 ’

262 1940 350 2000 τοῦτο
372 1935 445 1998 εἶπε.
467 1937 543 2014 μετὰ
556 1937 614 2015 γάρ
633 1935 687 2014 τὴν
701 1940 761 1998 τῶν
773 1932 878 2016 μάγων
892 1936 1064 2016 καθαίρεσιν
1080 1939 1207 2015 Δαρεῖος
1228 1935 1245 1997 ὁ
1265 1932 1361 2015 μέγας

262 2034 362 2118 ἧρξεν,
377 2037 428 2099 ὅτε
449 2039 479 2099 οἱ
501 2038 576 2100 ἑπτὰ
595 2038 753 2118 στρατηγοὶ
774 2040 826 2100 τοῦ
848 2037 1014 2115 Καμβύσου
1033 2036 1155 2114 ὤμοσαν
1169 2036 1361 2116 ἀναιρεθῆναι

263 2137 318 2201 τὸν
331 2134 430 2218 μάγον
443 2138 496 2202 τὸν
509 2139 742 2218 ὑποκρινόμενον
754 2142 795 2222 τφ
810 2139 932 2215 ὀνόματι
947 2135 1082 2216 Μάρδον.

307 2241 382 2320 782.
397 2240 440 2305 hv
452 2240 520 2307 νέος
533 2239 654 2304 codices
667 2238 809 2326 plerique
823 2253 854 2303 et
870 2240 972 2301 Turn.
1000 2237 1067 2305 νέος
1082 2236 1125 2301 ὢν
1139 2238 1229 2300 C.M.
1244 2234 1361 2321 aliique

262 2345 404 2410 nonnulli
418 2369 491 2411 cum
506 2346 584 2410 Ald.
600 2347 687 2411 Rob.

307 2449 380 2530 784.
395 2447 465 2532 ἴστ’]
480 2447 540 2512 ἴσθ’
556 2446 633 2511 Ald.
650 2447 733 2511 Rob.
750 2448 853 2511 Turn.

306 2549 380 2632 786.
403 2557 425 2589 “
436 2576 484 2631 γρ.
506 2551 671 2631 φανεῖμεν”
686 2549 876 2636 Stephanus,
891 2548 979 2635 quod
1000 2548 1115 2635 legitur
1135 2549 1167 2612 in
1191 2548 1260 2612 cod.
1280 2547 1359 2613 Flo·

262 2651 385 2716 rentino
396 2650 564 2737 Philelphi.
580 2655 717 2733 φανῆμεν
729 2653 766 2715 C.
779 2653 886 2736 Mosq.
910 2649 1047 2733 φάνημεν
1060 2651 1152 2716 codd.
1165 2650 1273 2738 reliqui
1286 2675 1359 2716 cum

262 2753 340 2817 Ald.
368 2753 452 2817 Rob.
477 2755 581 2817 Turn.
606 2753 692 2839 quod
719 2776 777 2839 pro
803 2750 956 2834 ἐφάνημεν
980 2752 1099 2839 accepit
1127 2750 1290 2816 scholiasta
1315 2764 1359 2831 et,

262 2852 371 2917 addito
386 2857 518 2934 ῖωνικῶς,
532 2854 686 2940 glossator
700 2853 815 2919 codicis
830 2855 869 2918 B.

306 2972 378 3038 791.
392 2954 458 3034 μηδ’
474 2953 577 3043 εἶ-ᾖ]
595 2953 778 3019 Notandum
795 2958 822 3019 εἰ
835 2977 907 3019 cum
921 2954 1120 3040 conjunctivo
1131 2969 1359 3033 constructum,

262 3054 348 3142 quod
364 3054 516 3119 rarissime
537 3056 595 3120 sibi
617 3057 823 3143 permiserunt
840 3056 959 3144 tragici.
1005 3056 1166 3143 Sophoclis
1180 3059 1359 3144 exemplum

261 3179 301 3221 ex
312 3155 392 3221 OEd.
405 3158 447 3220 T.
460 3155 534 3240 874.
549 3157 656 3223 attulit
668 3159 891 3246 grammaticus
903 3157 934 3222 iu
949 3157 1085 3222 Bekkeri
1099 3158 1224 3223 Anecd.
1239 3182 1271 3246 p.
1288 3179 1361 3242 144,

263 3277 316 3326 22.
338 3258 441 3345 Apud
456 3259 645 3347 AEschylum
659 3259 697 3340 ἤν
711 3259 832 3346 scripsit
848 3258 1036 3323 Brunclrius.

306 3377 380 3445 792.
400 3362 599 3428 conferenda
620 3378 667 3426 est
686 3361 843 3427 Artabani
861 3361 960 3425 oratio
980 3361 1068 3448 apud
1090 3361 1244 3426 Herodot.
1261 3381 1292 3444 7,
1306 3383 1359 3446 49.

261 3462 317 3527 ubi
332 3462 412 3526 duos
427 3464 593 3529 Persarum
617 3464 720 3529 hostes
741 3462 962 3528 infensissimos
982 3478 1130 3543 recenset,
1146 3486 1231 3528 mare
1245 3487 1281 3528 ac
1296 3478 1358 3528 ter-

260 3587 342 3647 ram,
357 3588 492 3653 quorum
507 3567 588 3631 hanc
601 3565 735 3630 affirmat
748 3564 899 3630 exercitui
913 3564 1003 3645 λιμὸν
1016 3565 1163 3645 τέξεσθαι
1183 3566 1359 3631 BLOMF.

305 3686 379 3752 793·
395 3667 558 3754 συνοικεῖ]
573 3673 720 3752 ξυνοικεῖ
732 3667 772 3730 Β·

306 3785 379 3853 794.
401 3768 620 3856 ὑπερπόλλους]
639 3767 841 3851 ῦπερκάμπους
862 3770 970 3857 vulgo.
1003 3771 1195 3851 ῦπερπύλους
1219 3771 1269 3833 Μ.
1295 3771 1358 3834 Βιι-

261 3893 340 3935 rocc.
356 3881 388 3934 et
403 3871 500 3936 Paria
517 3885 591 3952 tres,
606 3871 693 3959 quod
708 3870 785 3958 legit
799 3870 972 3949 scholiasta,
988 3870 1044 3957 qui
1063 3870 1247 3939 πολυΐππους
1265 3872 1360 3937 inter-

260 3986 411 4058 pretatur.
436 3971 554 4038 Veram
567 3973 752 4061 scripturam
764 3971 899 4037 restituit
910 3975 1115 4037 Hermannus
1125 3973 1243 4059 Opusc.
1256 3973 1317 4037 vol.
1329 3993 1358 4039 ο.

263 4097 293 4161 p.
311 4093 383 4160 232.
398 4074 455 4161 qui
468 4077 676 4157 ῦπερπολλοὺς
690 4072 819 4161 scripsit.

305 4191 379 4261 795.
394 4177 538 4264 εὐσταλῆ]
553 4178 681 4258 εῦστελῆ
696 4177 745 4240 Μ.

303 4301 350 4340 τοι
364 4279 455 4343 B.M.
472 4280 599 4344 Barooc.
625 4305 659 4344 τε
673 4281 710 4344 C.
726 4277 842 4363 aliique
856 4277 996 4343 nonnulli
1012 4301 1084 4343 cum
1099 4278 1176 4344 Ald.
1192 4278 1277 4342 Rob.
1311 4280 1360 4342 καὶ

265 4379 365 4442 Turn.
383 4381 492 4468 Steph.
612 4427 617 4440 .
