2978 5062
446 307 514 370 AD
538 307 896 371 PROMETHEUM.

155 477 242 557 ⁴684.
258 480 374 565 πόνων]
390 480 484 542 πόνον
499 479 548 541 M.
564 476 679 563 aliique
694 475 844 540 nonnulli.
866 477 960 539 τόνου
975 475 1059 539 Rob.

168 579 509 663 fflfflfflfflM

168 680 240 760 687.
258 682 293 743 ἔα
308 681 353 755 ἔα,
369 682 464 763 ἄπεχε
479 680 551 763 φεύ]
569 678 709 764 Dipodia
723 678 854 741 iambica
867 699 939 740 curn
956 698 1066 762 paeone
1079 688 1200 761 quarto.

168 783 242 844 688.
264 781 364 847 οὔποτ’
383 782 495 866 οὔποτ’]
518 779 662 845 οὐπώποτ’
685 778 830 844 οὐπώποτ’
849 778 927 842 Ald.
951 780 1053 842 Turn.
1078 792 1108 840 et
1130 776 1220 840 codd.

127 883 277 948 nonnulli.

169 985 292 1070 ηὔχουν]
307 986 441 1068 ηὐχόμην
456 984 542 1049 Rob.
558 999 590 1048 et
604 983 703 1047 oodex
719 984 824 1046 Oxon.
842 981 978 1046 Stanleii.

171 1089 243 1168 690.
260 1086 306 1171 ἐς]
324 1086 528 1151 scribendum
546 1089 586 1151 εἰς
601 1100 632 1149 et
647 1108 753 1148 versus
768 1085 810 1148 sic
825 1084 984 1148 dividendi
1069 1149 1074 1156 ,

255 1228 355 1291 οὔποτ’
370 1226 468 1292 οὔποτ’
484 1229 595 1310 ηὔχουν
610 1226 711 1304 ξένους

255 1334 415 1406 μολεῖσθαι
430 1330 540 1410 λόγους
555 1330 596 1393 εἰς
611 1328 704 1390 ἀκοὰν
720 1329 802 1404 ἐμόν.

170 1481 350 1562 690—693.
374 1479 491 1541 Versus
515 1478 546 1540 in
572 1477 645 1541 edd.
672 1493 747 1541 vett.
774 1479 816 1541 sic
841 1476 931 1542 divisi
959 1477 1125 1563 3⁹-l1‘st1
1154 1479 1222 1541 δύσ-

128 1605 259 1643 οιστα-
278 1578 284 1665 Ι
303 1579 541 1664 κέντρῳ-ἐμόν.

171 1685 245 1764 691.
264 1684 312 1745 καὶ
325 1703 389 1744 om.
408 1684 458 1745 M.

172 1786 247 1866 692.
269 1785 343 1867 693.
366 1783 494 1863 πήματα,
518 1784 646 1863 λύματα,
673 1782 783 1861 δείματ’
810 1781 962 1868 ἀμφήκει]
983 1783 1092 1867 κέντρῳ
1113 1785 1226 1864 ψύχειν

128 1888 233 1968 ψυχὰν
243 1885 337 1968 Ιἐμόν]
356 1886 471 1949 Versus
485 1884 590 1970 inepte
604 1883 778 1970 compositi,
795 1883 912 1969 quibus
926 1906 999 1948 vera
1019 1884 1110 1947 metri
1125 1884 1226 1947 forma

131 1985 174 2050 sic
188 2000 235 2049 est
249 1985 452 2063 restituenda,

258 2128 387 2208 πήματα,
402 2130 530 2207 λύματα,
547 2126 656 2206 δείματ’
673 2129 748 2206 ἐμὰν

259 2227 390 2309 ἆμφόκει
405 2227 515 2311 κέντρῳ
529 2227 643 2309 ψύχειν
658 2224 771 2307 ψυχάν.

131 2372 222 2434 Prior
244 2393 351 2434 versus
372 2369 545 2457 dactylicus
566 2385 622 2446 est,
645 2368 723 2432 alter
746 2392 785 2432 ex
812 2368 912 2433 tribus
936 2386 1056 2434 constat
1079 2369 1227 2447 molossis,

129 2471 216 2558 quod
239 2471 418 2557 exemplum
436 2470 572 2533 addatur
589 2469 780 2534 annotationi
795 2492 873 2534 rneae
887 2473 928 2536 ad
945 2472 1042 2559 Soph.
1059 2473 1139 2536 (Ed.
1157 2472 1227 2538 Col.

135 2581 225 2660 1560.

175 2681 248 2761 692.
276 2675 420 2760 ἆμφήκει]
445 2676 552 2752 Quum
580 2671 727 2759 Sophocli
749 2673 866 2737 Electr.
889 2675 964 2758 485.
988 2675 1105 2738 Dorica
1129 2675 1230 2740 forma

132 2779 268 2860 ἆμφόκης
287 2800 328 2841 ex
349 2777 510 2862 Hesychio
532 2776 571 2839 sit
593 2776 738 2839 restituta
758 2797 817 2861 pro
839 2776 958 2863 vulgari
978 2777 1121 2858 ἀμφήκης,
1144 2777 1231 2863 apud

132 2878 320 2968 AEschylum
335 2901 462 2964 quoque
477 2878 608 2958 ἀμφόκει
622 2878 820 2943 scribendum
836 2902 902 2943 esse
917 2878 1079 2965 probabile
1098 2892 1155 2957 est,
1171 2880 1231 2944 hoc

121 2971 302 3069 'prasertim
320 2980 351 3043 in
366 3002 479 3065 genere
494 2978 595 3043 metri.

176 3085 251 3166 693.
266 3080 394 3167 ψύχειν]
408 3081 542 3143 Praestat
554 3082 673 3160 ψύξειν.
697 3082 774 3144 Post
789 3080 894 3162 ψυχάν
908 3094 940 3143 et
954 3094 1025 3166 post
1039 3088 1129 3162 μοῖρα
1142 3088 1232 3164 μοῖρα

132 3182 207 3248 colis
221 3196 268 3246 est
281 3181 550 3266 distinguendum.
595 3178 743 3244 Alterum
758 3188 848 3261 μοῖρα
862 3202 924 3243 om.
941 3182 1026 3245 Rob.

176 3287 249 3368 695.
265 3279 399 3365 πέφρικ’]
417 3280 557 3344 Laborat
572 3295 716 3345 metrum.
763 3280 970 3345 Scribendum
986 3282 1117 3363 πέφρικα
1131 3281 1165 3347 t'.

179 3381 347 3466 εἰσιδοῦσα]
365 3383 508 3444 ἐσιδοῦσα
521 3379 642 3465 aliquot
655 3379 746 3443 oodd.

178 3518 252 3600 696.
266 3514 340 3596 πρό]
355 3519 418 3594 πρῶ
434 3514 483 3577 Μ.

177 3620 251 3703 698.
268 3643 314 3681 τοι
330 3617 466 3681 Α.Β.Μ.
482 3615 605 3703 aliique.
629 3642 658 3680 τι
673 3615 779 3702 vulgo.
801 3619 859 3697 γὰρ
875 3616 916 3679 Ν.

180 3738 250 3804 700.
266 3717 387 3804 χρείαν]
402 3720 508 3801 χρείαν
522 3717 546 3781 τ’
564 3720 616 3782 Μ.
631 3717 746 3804 aliique
762 3716 913 3782 nonnulli.

178 3819 338 3903 ἠνύσααύ]
357 3819 563 3884 Scribendum
578 3818 723 3898 ἡνύσασύ
739 3817 1026 3883 cum·Blomfieldo.

179 3940 251 4009 703.
282 3921 422 3987 ἀκούσαθ’
449 3921 571 3986 oodices
599 3921 742 4008 plerique
770 3943 878 3986 omnes
906 3936 938 3984 et
967 3923 1070 3984 Turn.
1096 3917 1232 3984 ἆκούσεό

135 4026 237 4091 Viteb.
253 4022 416 4088 ἀκούσασί
432 4022 511 4086 Ald.
526 4022 612 4086 Rob.

179 4143 251 4211 705.
275 4128 314 4191 οὔ
333 4125 374 4210 δ’]
393 4124 598 4190 Scribendum
615 4127 654 4189 σύ
669 4124 692 4187 τ’
708 4147 747 4188 ex
763 4124 900 4187 A.B.M.
916 4121 1057 4207 aliisque.
1096 4123 1135 4184 In
1158 4123 1190 4186 οί
1208 4120 1233 4184 τ’

134 4241 317 4314 corruptum
355 4226 440 4313 apud
476 4226 670 4312 Stephanum
702 4226 782 4310 Byz.
806 4248 831 4288 s.
859 4247 888 4286 v.
913 4221 1041 4306 Ἰναχία.
1081 4231 1103 4262 “
1120 4222 1234 4310 Eurip.

136 4329 248 4392 Phoen.
264 4331 340 4410 467.
363 4330 406 4391 Σύ
427 4326 451 4389 τ’
475 4328 748 4392 αὔ-Πολύνεικες.
771 4324 849 4388 ibid.
865 4325 936 4407 898.
961 4325 1004 4387 Σύ
1020 4322 1055 4401 τ’,
1071 4322 1094 4386 ὦ
1109 4324 1236 4387 τόλαινα

133 4429 394 4511 πυγκατασκόπτει
407 4429 506 4494 πόλις.
521 4430 623 4492 Oreat.
639 4428 697 4510 163
700 4441 730 4510 5.
747 4427 785 4490 σύ
799 4424 835 4499 τ’,
853 4423 876 4488 ὦ
896 4425 997 4505 φίλων
1010 4449 1061 4504 μοι
1079 4431 1138 4489 τῶν
1157 4426 1236 4504 ἐμῶν

670 4549 696 4589 n
