2978 5062
266 334 314 396 10
682 335 952 398 PRAEFATIQ

159 528 165 537 ·
269 505 416 598 plexus:
447 507 492 575 de
521 506 647 597 quibus
677 505 844 577 Butlerus
874 507 942 576 vol.
970 514 1000 577 8.
1030 531 1064 600 p.
1090 509 1149 576 vii.
1181 518 1200 547 “
1224 506 1303 577 Van.
1336 534 1363 576 1.

269 622 559 692 membranaceus
577 621 685 692 seculi
702 648 752 713 15.
770 622 993 693 bibliothecae
1006 623 1159 695 Venetae
1172 623 1364 693 Marciana

269 757 344 826 370.
387 736 479 805 Cum
496 738 651 807 editione
667 736 802 807 Aldina
818 739 995 808 consentit
1016 740 1125 809 etiam
1150 739 1211 808 ubi
1237 739 1366 808 discre-

252 860 331 944 pat
354 852 468 922 codex
496 848 631 922 Guelf.b
665 851 746 922 Van.
773 876 804 923 a.
832 854 1037 925 chartaceus
1063 854 1220 947 ejusdem
1251 854 1365 925 aetatis

267 965 304 1034 in
322 967 471 1036 eandem
488 967 739 1038 bibliothecam
763 991 783 1038 e
804 969 1021 1041 bibliotheca
1045 970 1110 1041 SS.
1127 970 1300 1040 Johannis
1326 977 1364 1037 et

269 1080 370 1152 Pauli
398 1081 598 1153 translatus.
650 1082 853 1174 Utrumque
881 1086 926 1155 ab
953 1109 1011 1156 me
1038 1095 1182 1179 rogatus
1211 1083 1364 1155 contulit

267 1197 423 1268 Jacobus
441 1196 638 1279 Morellius,
656 1197 879 1270 bibliotheca
895 1201 1113 1293 praelectus.’'

253 1344 261 1351 ·
319 1335 464 1401 24-27.
496 1312 766 1384 Vindoboncuses
790 1324 968 1405 quattuor,
990 1340 1036 1386 ex
1064 1317 1190 1407 quibus
1217 1338 1363 1407 excerp-

254 1435 342 1496 -tam
365 1426 526 1497 lectionis
543 1429 782 1500 diversitatem
805 1432 849 1501 ad
876 1429 1130 1500 Prometheum
1152 1441 1190 1502 et
1213 1430 1362 1523 Septem

268 1565 349 1612 cum
367 1542 557 1613 Schuetzio
574 1547 849 1617 communicavit
867 1545 907 1615 F.
925 1545 960 1616 J.
979 1545 1130 1616 Bestius.

319 1664 370 1729 28.
397 1659 537 1730 Codicis
568 1658 795 1732 Tamicensis
821 1682 894 1751 253.
920 1663 1112 1753 specimina
1136 1684 1182 1731 ex
1213 1660 1360 1753 Septem

266 1773 312 1842 ad
328 1772 467 1843 Thebas
483 1777 664 1867 proposuit
683 1775 862 1870 Peyronns
879 1781 916 1847 in
933 1776 1069 1849 Notitin
1089 1777 1256 1848 librorum
1273 1777 1362 1849 Val-

267 1911 382 1983 pergae
399 1889 530 1959 Calusii
548 1914 582 1983 p.
601 1898 654 1959 60.
671 1898 723 1960 61.
766 1891 890 1964 Codex
907 1896 1036 1965 desinit
1052 1918 1085 1963 v.
1104 1901 1177 1982 841.

318 2031 369 2096 29.
406 2003 666 2089 Lombethuuus,
700 2007 906 2079 chartaceus
933 2009 1042 2079 seculi
1076 2035 1125 2096 14.
1152 2009 1197 2078 ad
1226 2007 1361 2097 aliquot

268 2117 453 2190 Persarum
471 2120 566 2191 locos
583 2122 760 2213 inspectus
777 2145 799 2191 a
815 2122 1036 2207 Blomfieldo‚
1054 2127 1153 2216 cujus
1176 2147 1209 2193 v.
1226 2122 1359 2215 praefat.

265 2257 339 2326 pr.

315 2352 420 2447 Typis
449 2356 625 2448 impressu
649 2357 807 2450 AEschyli
834 2358 1012 2450 tragoediae
1041 2357 1194 2447 primum
1223 2354 1360 2445 prodie-

265 2476 348 2537 runt
366 2468 541 2540 Francisci
559 2471 709 2542 Asulani
727 2496 833 2565 opera
849 2497 895 2542 ex
913 2472 1052 2541 officina
1068 2468 1202 2539 Aldina
1217 2492 1248 2538 a.
1267 2474 1359 2557 1518.

253 2586 322 2654 'cui
353 2587 412 2675 qui
443 2585 657 2677 praefuerunt
688 2590 724 2656 in
753 2588 820 2657 hoc
855 2609 995 2677 quoque
1025 2588 1194 2677 scriptore
1223 2605 1358 2652 morem

266 2698 459 2768 tenuerunt
476 2701 513 2770 iu
532 2703 736 2793 praefatione
761 2703 806 2772 ad
829 2702 961 2771 scholia
978 2701 1225 2793 Aristophanis
1244 2698 1309 2767 vol.
1331 2722 1359 2768 1.

267 2838 300 2907 p.
318 2817 389 2884 viii.
406 2817 452 2886 ab
469 2840 527 2887 me
544 2827 717 2899 notatum,
735 2828 776 2888 ut
793 2818 951 2889 codicem
969 2817 1163 2910 typothetis
1180 2815 1361 2885 traderent

266 2955 371 3023 quarn
397 2930 624 3004 vilissimum:
651 2957 756 3026 quem
783 2934 1001 3004 simillimum
1023 2933 1130 3002 luisse
1151 2928 1361 3020 Guelferby-

266 3060 361 3129 tano‚
388 3049 422 3117 id
453 3057 507 3117 est
533 3049 629 3117 omni
659 3050 868 3119 mendorum
897 3072 1027 3143 genere
1053 3047 1233 3127 refertum,
1257 3067 1361 3136 supra

265 3167 506 3247 indicavimus,
531 3166 701 3256 auxitque
728 3164 861 3235 malum
891 3187 962 3233 non
992 3186 1069 3232 raro
1095 3162 1361 3254 typothetarum

265 3283 450 3375 imperitia.
503 3279 751 3373 Agamemnon
773 3290 811 3350 et
828 3279 1049 3371 Choephoroe
1075 3278 1112 3346 in
1137 3298 1244 3345 unam
1262 3274 1362 3344 fabu-

265 3398 336 3468 lam
362 3407 445 3468 sunt
461 3397 614 3467 confusa>
639 3405 680 3465 ut
697 3397 735 3464 in
751 3394 931 3465 codicibus
958 3393 1124 3462 Mediceo
1141 3399 1179 3460 et
1197 3389 1360 3461 Guelfer-

265 3516 414 3606 bytano:
446 3536 516 3604 quo
546 3512 680 3581 facturn
711 3520 752 3580 ut
780 3508 959 3580 Asulanus
992 3530 1054 3577 sex
1084 3514 1225 3576 tanturn
1255 3506 1360 3574 cdere

266 3630 330 3698 sibi
346 3630 523 3697 videretur
539 3627 727 3718 tragoedias
744 3624 948 3716 nullamque
968 3626 1005 3693 in
1022 3624 1137 3693 indice
1155 3621 1234 3691 libri
1245 3620 1361 3691 Choe-

265 3743 455 3836 phororum
473 3741 605 3811 faceret
621 3740 849 3809 mentionem.

316 3860 520 3929 Editionem
546 3854 717 3925 Aldinam
743 3854 883 3924 Parisiis
908 3873 1053 3942 a.1552.
1079 3853 1216 3923 recudit
1234 3850 1362 3921 Adria-

265 3997 333 4044 nus
349 3975 544 4058 Turnebus,
563 3973 623 4063 qui
648 3970 800 4063 plurima
816 3970 940 4062 prioris
956 3963 1121 4038 editionis
1138 3968 1225 4036 vitia
1242 3990 1361 4036 emen-

265 4088 372 4170 davit,
396 4089 702 4182 Agamemnonem
730 4110 812 4155 vero
839 4084 1012 4154 Aldinnm
1040 4104 1085 4152 ex
1116 4082 1251 4151 duabus
1279 4104 1362 4150 con·

265 4202 389 4273 ilatum
418 4226 493 4273 csse
519 4203 697 4297 tragoediis
722 4225 793 4271 non
818 4203 929 4293 magis
955 4221 1060 4290 quam
1086 4195 1266 4267 Asulanus
1291 4199 1365 4265 ani·

277 4418 279 4423 ¹
305 4347 321 4392 ¹)
343 4350 416 4407 Tres
431 4350 537 4427 primas
552 4347 664 4405 fulmins
682 4369 715 4404 ex
730 4346 828 4403 codice
848 4345 914 4402 l'cu.
935 4363 958 4401 ι.
973 4342 1145 4420 expressisse
1160 4338 1269 4397 Aldnm
1292 4361 1361 4398 con.

259 4447 332 4523 jecit
349 4437 539 4502 Blomlieldus¹
553 4445 582 4501 in
598 4444 705 4501 Museo
719 4443 782 4500 crit.
800 4441 936 4498 Cantabr.
953 4438 1005 4495 vol.
1023 4457 1048 4493 1.
1063 4458 1091 4514 p.
1110 4455 1173 4510 ¹05·
