2978 5062
602 286 874 351 PRAEFATIO.
1246 285 1289 348 la

190 461 322 543 acatio,
339 460 473 553 partim
490 459 624 542 Mmoe,
636 460 771 553 partim
787 459 890 530 etiam
907 457 1055 552 Neapoli
1079 459 1124 529 ab
1150 481 1189 529 se
1213 479 1290 528 esse

191 575 281 646 visos
302 585 421 645 nanat
440 599 475 667 p.
497 582 572 665 356,
598 573 659 644 eod
682 575 721 644 ia
751 597 896 668 quoram
921 572 1008 644 bona
1032 582 1136 667 porte
1162 573 1290 667 primes

192 698 325 760 tantam
343 699 412 760 tres
429 688 607 786 tropoediae
623 686 836 759 inhaeretur.

241 806 446 877 Editionem
465 805 742 896 Stephanianam
759 826 831 873 non
848 803 924 874 sine
941 804 1184 895 frequentibus
1204 805 1291 875 levi-

115 994 118 999 ,
192 944 293 993 orum
318 922 486 990 vitiorum
511 920 787 991 correctionibus
814 921 981 1012 repetivit
1007 919 1090 991 Gul.
1117 921 1291 992 Canterus

193 1037 412 1128 Antwerpiae
425 1059 455 1105 a.
464 1041 555 1125 1580.
583 1033 778 1104 Canterum
795 1044 938 1105 secutus
951 1046 1005 1106 cst
1018 1036 1171 1107 Thomas
1185 1036 1291 1107 Stan-

194 1150 291 1232 leius‚
302 1152 363 1242 qui
373 1149 529 1242 AEsehyli
542 1150 730 1241 tragoedias
742 1147 893 1219 Londini
908 1150 1019 1220 edidit
1032 1159 1165 1242 a.1663.
1177 1153 1292 1223 doctis

195 1267 382 1336 instructas
407 1265 677 1346 commentariis,
699 1287 786 1354 quos
806 1265 933 1356 insigni
955 1288 1124 1336 novarum
1145 1276 1293 1337 annota-

195 1381 330 1451 tionum
349 1381 548 1450 accessione
565 1401 611 1448 ex
629 1377 767 1448 schedis
784 1376 934 1448 Stanleii
947 1379 1180 1471 locupletatas
1192 1403 1292 1473 repe-

195 1497 276 1566 tivit
294 1495 484 1565 Butlerus:
520 1494 702 1584 inquibus
725 1495 944 1586 conjecturas
968 1492 1087 1585 plures
1112 1518 1189 1565 esse
1214 1520 1292 1587 qnae

195 1608 345 1690 Aurato,
370 1608 557 1679 nonnullas
581 1632 660 1700 quae
679 1609 704 1677 J
706 1632 754 1679 os.
769 1609 961 1702 Scaligero‚
979 1609 1088 1679 Porto
1108 1620 1147 1681 et
1164 1610 1211 1681 Is.
1225 1612 1293 1683 Ca-

196 1727 352 1795 ssubono
363 1725 560 1794 debeantur
570 1724 801 1795 Blomfieldus
814 1724 970 1794 ostendit
980 1725 1017 1793 in
1029 1723 1159 1795 Museo
1169 1727 1293 1797 critico

196 1840 476 1933 cantabrigiensi
510 1839 579 1908 vol.
611 1864 641 1912 2.
676 1864 710 1933 p.
741 1833 842 1927 488‘1.
894 1839 950 1908 De
983 1840 1178 1910 editoribus
1211 1853 1292 1934 post

197 1954 396 2028 Stanleinm
425 1955 462 2024 in
489 1954 556 2024 hoo
582 1978 687 2048 opere
712 1956 858 2025 versatis
882 1955 1057 2047 praeeipua
1081 1979 1163 2026 cum
1189 1955 1294 2028 laude

197 2070 400 2141 nominandi
425 2069 514 2139 mihi
539 2078 622 2139 sunt
647 2069 833 2150 Porsonus,
859 2072 920 2162 qui
945 2073 983 2139 in
1010 2070 1165 2142 editione
1191 2070 1295 2156 Glas·

196 2187 319 2279 guensi
344 2208 376 2255 a
396 2205 490 2275 1794.
516 2207 586 2254 non
615 2206 729 2277 pauca
753 2184 905 2277 vulgatae
934 2184 1096 2255 lectionis
1124 2187 1212 2256 vitia
1237 2187 1294 2257 vel

197 2300 352 2371 correxit
377 2298 434 2370 vel
464 2298 568 2369 obelo
597 2299 757 2391 apposito
786 2299 943 2381 notavit3
983 2297 1203 2382 Schuetzius,
1233 2303 1294 2393 qni

198 2416 273 2507 ipse
289 2436 429 2506 quoque
446 2412 617 2483 nonnulla
632 2413 805 2505 sagaciter
821 2413 1024 2482 emendavit
1047 2421 1084 2482 et
1107 2414 1152 2483 ad
1175 2414 1296 2508 expla-

198 2532 330 2601 nsndas
346 2538 464 2622 poetae
481 2527 674 2599 sententias
691 2527 795 2597 utilia
809 2525 924 2597 multa
945 2527 1117 2611 eontulit;
1143 2530 1296 2623 denique

200 2645 440 2726 Blomiieldus,
470 2645 571 2735 cujus
603 2666 746 2735 opernm
779 2641 972 2713 dolendum
998 2652 1052 2713 est
1077 2645 1115 2713 in
1139 2647 1295 2738 quinque

199 2761 396 2856 substitisse
419 2758 558 2829 fabulis.
610 2757 751 2827 Horum
776 2757 886 2850 igitur
906 2756 1124 2850 aliorumque
1141 2761 1296 2831 virorum

199 2876 384 2945 doctorum
401 2874 528 2944 studiis
545 2873 612 2943 etei
632 2871 747 2942 multa
769 2882 807 2942 et
830 2872 995 2965 praeclara
1016 2875 1061 2943 ad
1082 2874 1146 2944 has
1168 2883 1298 2969 tragoe-

200 2991 274 3060 dias
304 2998 342 3060 et
370 2989 607 3060 emendandas
635 2997 673 3057 et
704 2987 929 3080 explicandas
956 2997 1039 3057 sunt
1068 2989 1185 3072 allata,
1217 3014 1297 3082 quae

201 3105 426 3174 commodum
452 3104 489 3173 in
514 3103 674 3172 ordinem
703 3103 847 3173 redacta
873 3102 1124 3194 inutiliumque
1153 3114 1300 3175 annota-

202 3222 340 3298 tionum
357 3218 451 3288 mole
468 3217 617 3288 liberata
633 3218 670 3287 in
689 3218 951 3287 commentariis
974 3217 1210 3301 exhibuimus,
1228 3242 1299 3288 non

241 3357 255 3397 ‘¹
276 3359 458 3435 conjectura
478 3356 595 3425 Aurati,
618 3355 757 3421 Bentleii,
783 3356 823 3412 ls.
843 3353 1007 3411 Caseuboni
1031 3353 1081 3421 (ud
1102 3353 1299 3430 Agamemno.

202 3476 288 3515 nem:
320 3474 347 3512 v.
363 3453 456 3512 Ostel.
472 3451 550 3511 Bibl.
565 3453 652 3530 regie
667 3452 758 3509 Paris.
774 3448 830 3507 vol.
848 3468 875 3506 2.
895 3469 925 3527 p.
941 3451 1036 3524 553),
1051 3448 1173 3506 Henrici
1187 3448 1300 3520 iacobi,

203 3551 315 3629 collegii
331 3549 528 3607 Mertouensis
546 3546 616 3606 olim
636 3547 716 3616 socii,
733 3545 881 3610 Pearsoni,
896 3545 1023 3624 episcopi
1039 3545 1221 3614 Cestriensis‚
1236 3547 1301 3608 Jos.
1379 3598 1384 3605 .

203 3646 352 3724 Scaligeri,
375 3645 413 3702 Is.
433 3644 532 3703 Vossii
554 3642 733 3720 aliorumque
754 3642 914 3701 editionum
933 3653 1064 3701 veterum
1089 3643 1302 3721 exemplaribus

204 3743 374 3822 quibusdam
401 3752 471 3800 sunt
491 3741 653 3820 adscripta,
677 3761 800 3819 qnorum
825 3739 881 3797 alia
907 3739 939 3796 in
968 3739 1157 3798 bibliothecas
1182 3739 1301 3798 Britan.

203 3842 292 3906 niens,
305 3839 362 3898 elia
374 3840 405 3896 iu
419 3837 592 3898 Leidensem
612 3848 642 3896 et
658 3838 816 3896 Parisinsm
837 3837 1031 3895 transierunt:
1054 3836 1091 3894 de
1111 3836 1217 3912 quibus
1237 3856 1302 3913 quoe

204 3936 341 3995 dixerunt
369 3933 561 3993 Blomlieldus
582 3933 603 3992 l.
626 3954 662 4001 e.,
686 3933 717 3992 in
740 3935 853 4012 praefat.
875 3934 912 3992 ad
936 3933 1134 4011 Ghoephoros,
1161 3931 1302 3992 Butlerus

205 4033 263 4091 vol.
282 4036 308 4092 8.
330 4054 360 4112 p.
379 4031 578 4098 xxix-xxxiii,
602 4032 709 4109 Georg.
731 4031 891 4108 Burgesius
915 4030 944 4086 in
967 4038 1065 4086 annot.
1089 4028 1126 4086 ed
1148 4028 1303 4108 Supplices

207 4150 241 4208 p..
262 4145 392 4204 44—53.
416 4149 470 4186 nos
493 4137 625 4206 repetere
647 4126 877 4206 supersedemus.
920 4125 1079 4205 Tyrwhitti
1101 4127 1304 4185 annotationes

207 4228 310 4285 breves
322 4226 358 4283 ab
373 4223 512 4283 Elmsleio
525 4223 610 4282 editae
625 4234 694 4282 sunt
708 4223 817 4281 Oxonii
832 4244 857 4281 a.
873 4224 959 4281 1822.
1003 4222 1048 4279 Ex
1071 4222 1303 4301 Spenhemianis,

208 4342 273 4401 quae
296 4341 362 4379 eum
385 4321 497 4397 relique
519 4318 687 4398 Spanhemii
713 4318 893 4398 supellectile
916 4318 1044 4377 literaria
1072 4319 1101 4375 in
1130 4317 1304 4376 bibliothece

209 4422 287 4499 regin
303 4415 485 4478 Berolinensi
501 4428 695 4482 asservantur,
710 4415 851 4474 nonnulla
866 4415 993 4494 prodidit
1009 4414 1191 4474 Schuetaius.
