2978 5062
304 362 373 426 ΑΙ)
397 362 589 428 SEPTEM
613 364 862 430 ADVERSUS
886 364 1090 429 THEBAS.
1182 362 1243 430 171

149 525 305 614 Euripide
325 526 458 608 ridetur,
472 543 583 614 utpote
603 531 734 597 Κύκνους
755 534 850 594 ποιῶν
868 531 915 595 καλ
931 529 1094 608 Μέμνονας
1116 534 1247 594 κωδωνα-

148 630 398 710 φαλαροιιιέλους.
431 629 486 694 ubi
514 629 610 695 schol.
640 629 846 699 Ἀπολλόνιός
874 639 979 713 φησιν,
1005 632 1052 697 ὅτι
1079 631 1248 713 παρήνεγκε

148 729 319 813 χρωμένους
334 733 451 797 redduci
468 758 559 800 τινας.
583 735 718 802 securas
738 737 772 799 έν
790 739 852 801 τοῖς
873 732 1022 815 φαλάροις
1044 733 1092 798 καὶ
1112 739 1249 817 χαλινοῖς

148 838 208 895 τῶν
231 834 328 896 ἵππων
351 833 483 917 ἔχοντας.
519 835 597 900 Vide
619 850 651 899 et
671 836 734 897 Av.
750 836 823 917 842.
851 839 942 899 1160.
965 836 1006 898 de
1027 833 1088 899 nlin
1106 838 1250 901 κωδώνων

150 933 280 999 ratione.
303 935 476 999 BLOMF.

192 1055 269 1120 390.
292 1040 477 1119 πρεσβίστος
499 1053 601 1125 potest
621 1062 687 1103 esse
708 1039 754 1104 vel
776 1042 960 1120 τιμιώτατος,
982 1053 1019 1104 ut
1043 1038 1126 1126 eripi,
1152 1037 1250 1103 scboi.

152 1139 322 1201 detrorum
335 1140 438 1217 decus,
456 1155 492 1204 ut
505 1140 549 1205 nit
565 1141 675 1227 Virgil.
692 1143 768 1206 AEn.
785 1163 817 1226 9,
829 1157 905 1227 405.
928 1164 948 1205 a
963 1141 1102 1206 Stanleio
1116 1141 1249 1215 citatum

152 1239 201 1303 vel
216 1241 479 1327 antiquissimos,-
504 1244 608 1308 Lunae
623 1245 704 1307 euim
719 1243 890 1330 antiquitus
903 1244 934 1307 in
951 1243 1151 1331 proverbium
1166 1242 1251 1307 obiit.

154 1342 295 1408 Priorem
311 1367 434 1410 sensum
451 1347 595 1433 praefero,
606 1347 665 1434 qui
678 1347 753 1412 huic
767 1347 864 1412 verbo
873 1347 906 1410 iu
919 1345 1112 1434 temporibus
1122 1344 1254 1410 heroicis

153 1445 298 1524 accrevit,
316 1469 389 1511 oum
413 1471 506 1513 senex
528 1449 663 1537 quisque
683 1449 819 1514 maxime
838 1448 1075 1536 suspiciebatur.
1120 1447 1256 1512 Homeri

155 1547 276 1630 πρέσβα
291 1553 345 1614 θεὰ
360 1549 572 1637 Etymoiogus
586 1574 618 1638 p.
635 1552 711 1633 687,
726 1571 758 1637 3.
772 1551 908 1639 explicat
922 1552 1124 1635 πρεσβυτάτη,
1141 1554 1256 1633 ἔντιμο-

154 1649 237 1729 τάτη.
276 1651 431 1716 Herodot.
447 1670 479 1737 5,
495 1656 546 1739 63.
562 1657 600 1718 τὰ
614 1657 671 1736 γὰρ
687 1658 739 1718 τοῦ
754 1659 837 1720 Θεοῦ
850 1657 1041 1736 πρεσβύτερα
1062 1656 1216 1718 ἐποιεῦντο
1236 1650 1256 1733 ἢ

157 1756 194 1817 τὸ
215 1758 274 1817 τῶν
295 1755 421 1835 ἀνδρῶν.
446 1758 553 1843 arogis
575 1757 812 1836 reverebantur,
840 1770 876 1820 ut
901 1757 987 1844 apud
1011 1755 1153 1830 Latinos,
1172 1757 1257 1820 nnti-

154 1857 251 1943 quiuc
264 1856 430 1923 habebant.
455 1857 626 1945 Sophocles
637 1859 752 1937 Tereo,
762 1882 813 1946 ap.
826 1859 921 1924 schol.
933 1861 1043 1923 Venet.
1058 1858 1100 1922 ad
1115 1856 1208 1922 Ilind.
1218 1862 1258 1937 0,

160 1976 233 2043 705.
245 1955 350 2032 Ἥλιε,
366 1961 523 2041 φιλίπποις
538 1961 635 2046 Θρῃξὶ
651 1959 838 2042 πρέσβιστον
852 1960 957 2028 σέλας.
975 1960 1137 2048 (vulgatur
1151 1961 1259 2025 έλιε-

159 2058 258 2141 Θριξί
296 2059 361 2123 vid.
392 2060 505 2148 Eurip
537 2061 665 2128 Hecub.
694 2064 784 2143 428.)
815 2061 1007 2128 Valckenaer.
1038 2062 1069 2125 in
1099 2059 1259 2125 Adcuinn.

161 2161 283 2226 Theoc.
309 2185 342 2248 p.
364 2164 439 2247 318.
463 2165 501 2228 C.
534 2163 656 2229 confert
686 2163 833 2252 Sophocl.
863 2188 917 2251 ap.
944 2164 1085 2252 Hesych.
1114 2187 1146 2227 v.
1173 2162 1259 2230 Λαίς.

155 2261 276 2329 Ἧλθὲν
291 2266 324 2328 δὲ
335 2265 411 2332 Δαλς
425 2265 542 2344 θόλεια,
558 2269 727 2347 πρεσβίστη
742 2272 827 2331 θεῶν.
858 2267 980 2331 Erinua
994 2290 1046 2354 ep.
1064 2265 1154 2330 Stob.
1172 2263 1259 2328 Flor.

160 2388 194 2452 p.
205 2387 259 2449 49.
276 2368 330 2431 Σοὶ
341 2369 421 2452 μόνα
441 2368 614 2448 πρέσβιστα
626 2369 735 2433 δέδωκε
751 2374 853 2451 Μοῖρα
870 2373 973 2437 Knidos.
1011 2371 1159 2433 Ceterum
1180 2367 1260 2431 bene

160 2468 337 2534 observavit
352 2468 525 2548 scholiasta,
542 2469 644 2534 Solem
663 2471 749 2558 apud
765 2470 939 2536 Pindarum
955 2473 1069 2554 ἄστρον
1083 2469 1204 2547 audire,
1219 2491 1260 2533 sc.

162 2572 291 2660 Olymp.
307 2593 335 2652 1,
349 2594 381 2657 9.
404 2573 581 2639 BLOMF.

206 2675 336 2760 ἄστρον]
352 2677 467 2757 ἀνδρῶν
482 2677 591 2762 Etym.
609 2677 660 2740 M.
676 2699 707 2763 p.
724 2692 800 2762 753,
817 2696 869 2745 ιν.

208 2777 311 2845 νυκτὸς
332 2778 503 2863 ὀφθαλμὸς]
530 2777 583 2842 Ita
607 2776 699 2865 pinne
721 2779 879 2843 Pindarus
901 2777 1028 2865 Olymp.
1053 2798 1087 2862 3,
1108 2798 1162 2863 35.
1185 2777 1264 2860 διχό-

162 2908 249 2963 μηνις
277 2882 352 2944 ὅλον
380 2879 587 2963 χρυσάρματος
620 2880 749 2963 ἑσπέρας
777 2881 937 2965 ὀφθαλμὸν
965 2880 1133 2963 ἀντέφλεξε
1163 2876 1265 2957 Μήνα.

167 2984 335 3049 STANL.
381 2981 432 3046 Sic
453 2981 601 3071 Euripidi
630 2984 704 3070 Ipb.
727 2986 769 3049 T.
784 2980 865 3069 '194
892 2982 937 3047 sol
959 2982 1074 3048 dicitur
1098 2984 1178 3063 ἱερᾶς
1198 2976 1265 3061 ὄμμ’

166 3087 260 3168 αὐγᾶς
281 3084 375 3153 ἅλιος.
408 3085 505 3172 Sopb.
528 3085 640 3172 Antig.
669 3106 739 3167 104.
762 3085 786 3150 dr
808 3086 939 3170 χρυσέας
963 3085 1074 3167 ἁμέρας
1094 3082 1266 3164 βλέφαρον.

167 3190 188 3252 i.
202 3214 231 3254 e.
246 3189 303 3255 ccl.
335 3190 451 3253 Noster
466 3191 553 3253 Pers.
568 3190 643 3270 428.
654 3187 735 3257 Ἕως
753 3193 890 3268 κελαινῆς
912 3185 1015 3254 νυκτὸς
1028 3183 1096 3266 ὄμμ’
1112 3186 1266 3266 ἀφείλετο.

168 3292 222 3357 ubi
235 3306 337 3356 tamen
353 3312 411 3377 pro
424 3300 512 3355 noete
525 3290 599 3377 poni
609 3290 735 3377 judicat
750 3289 915 3354 Stauleius.
948 3288 1157 3373 Tragicorum
1172 3287 1205 3349 in
1221 3284 1270 3349 his

168 3395 262 3459 rebus
283 3391 588 3480 grandiloqueutiam
610 3391 692 3456 ridet
710 3389 874 3477 Aristopb.
891 3389 980 3455 Nub.
998 3389 1073 3470 284.
1084 3386 1191 3468 Ὀμμα
1211 3389 1269 3470 γὰρ

167 3498 286 3579 αἰθέρος
300 3495 452 3576 ἀκάματον
466 3500 641 3577 σελαγεῖται
663 3492 895 3575 Μαρμαρέαισιν
915 3494 949 3556 έν
965 3490 1080 3573 αι’νγαῖς,
1096 3488 1183 3576 quod
1206 3511 1271 3553 mo-

169 3599 239 3663 nuit
254 3597 446 3663 Valckenoer.
463 3596 636 3660 Animadv.
653 3595 685 3660 in
699 3598 850 3659 Ammon.
865 3618 898 3682 p.
914 3595 965 3678 76.
989 3593 1165 3658 BLOMF.

212 3722 286 3787 391.
301 3703 499 3782 ὑπερκόμποις
512 3721 627 3764 omues.
652 3697 736 3763 Dedi
751 3699 937 3779 ὑπερκόποις,
953 3694 1030 3760 etin
1045 3718 1075 3759 v.
1091 3713 1167 3774 404.
1182 3692 1271 3775 ὑπέρ·

170 3830 274 3879 αοπον,
289 3825 389 3890 quum
411 3801 518 3866 nullus
539 3801 580 3865 sit
599 3801 787 3887 tragicorum
804 3799 902 3879 locus,
919 3799 974 3864 ubi
993 3797 1121 3862 nlternm
1137 3795 1269 3860 formam

171 3922 305 3970 metrum
328 3902 478 3991 requirat,
499 3902 628 3989 quidam
651 3927 726 3968 vero
746 3903 800 3967 ubi
822 3916 960 3989 respuet,
988 3915 1024 3966 ut
1045 3899 1117 3964 infr.
1143 3923 1175 3962 v.
1194 3916 1272 3983 451.

171 4007 316 4094 Cboepb.
341 4025 411 4092 134
436 4002 581 4090 Sophocl.
606 4005 697 4089 Ajnc.
722 4022 793 4086 127.
813 4027 907 4091 quem
932 4019 1035 4070 temen
1058 4001 1156 4067 nitens
1177 3998 1273 4064 schol.

172 4112 283 4174 Venet.
307 4107 348 4171 ad
372 4106 466 4170 Iliad.
491 4112 526 4170 E.
552 4125 627 4191 449.
654 4105 748 4171 babet
773 4107 973 4188 ὑπέρκομπον.
1010 4104 1144 4191 Corrigo
1166 4102 1273 4186 igitur,

173 4211 267 4275 unius
281 4207 413 4274 literulae
432 4207 609 4285 omissione,
625 4209 711 4271 Pers.
728 4227 803 4291 342.
821 4208 894 4291 825.
912 4207 985 4291 838.
1027 4205 1110 4269 Ibid.
1128 4206 1202 4289 796.
1217 4224 1276 4289 pro

173 4314 240 4381 τοὺς
255 4313 459 4394 ὑπερκόμπονς
473 4312 561 4393 ἄγαν,
575 4309 643 4396 lege
655 4332 693 4372 ex
706 4308 853 4373 Mediceo
866 4310 1069 4391 r‘rrreprrdbnvs.
1093 4306 1179 4391 [Imo
1189 4306 1277 4383 ὑπερ·

173 4412 329 4499 πόλλους.]
351 4413 517 4494 ὑπέρκοπος
532 4410 647 4476 dicitur
662 4426 697 4474 ut
712 4410 894 4492 παράκοπος.
941 4408 1045 4473 Serior
1060 4424 1168 4472 minen
1189 4419 1277 4483 aetns,

175 4532 211 4580 ut
226 4515 362 4594 videtur,
376 4513 507 4579 inseruit
518 4538 560 4593 μς
584 4513 665 4585 dixit
679 4512 761 4577 enim
779 4509 1010 4591 Menander,si
1030 4507 1194 4577 modoini
1214 4505 1278 4569 sint

708 4636 731 4680 Y
750 4632 767 4679 2
