2978 5062
252 342 296 408 56
619 345 996 410 ANNOTATIONES

255 511 351 575 schol.
381 510 412 573 in
443 509 536 573 Pind.
565 512 615 573 01.
645 533 675 588 4,
707 533 754 574 ιι.
798 511 955 575 Nicander
986 510 1172 596 AEscbylum
1203 510 1357 594 seqnitur.

258 613 433 676 BLOMF.

301 715 443 778 Κιλικίων
457 713 595 794 οἰκήτορα
615 714 743 798 άντραν]
766 714 896 779 Pindar.
912 714 1009 800 Pyth.
1029 735 1057 792 1,
1073 734 1133 801 31:
1157 717 1267 796 Τυφὼς
1290 716 1359 777 ἑκα-

256 814 482 896 τοντακάρανος,
499 817 552 878 τόν
566 840 639 878 ποτε
660 817 794 879 Κιλίκων
808 815 924 897 θρέψεν
938 818 1135 896 πολυώνυμον
1148 817 1267 896 ἄντρον,
1283 837 1358 900 quae

256 916 420 982 scholiasta
434 917 576 982 Hesiodo
591 917 709 981 tribuit.
734 919 902 981 STANL.

298 1036 374 1105 353.
397 1019 634 1102 ἑκατογκάρηνον
656 1019 813 1083 Pauwius
845 1019 1115 1102 ἑκατοντακάρηνον
1137 1019 1218 1098 libri,
1242 1020 1359 1083 usitato

256 1122 287 1185 in
311 1120 492 1208 hujusmodi
515 1120 694 1206 compositis
716 1144 820 1186 errore
842 1120 1049 1185 librariorum.
1085 1122 1136 1184 Sic
1163 1124 1356 1184 ἑκατοντακε-

256 1222 343 1305 φάλα
356 1246 415 1310 pro
430 1221 658 1307 ἑκατογκεφάλα
672 1222 793 1286 codices
807 1221 913 1309 plnres
926 1223 958 1286 in
974 1246 1064 1286 versu
1081 1222 1268 1309 anapaestico
1281 1222 1358 1285 Ari-

256 1325 361 1411 stoph.
386 1324 474 1388 Nub.
496 1328 572 1409 336.
612 1326 759 1388 Ceterum
787 1326 934 1388 Doricam
960 1324 1092 1387 formam
1117 1321 1358 1406 ἑκατογκάρανον

257 1442 340 1490 recte
360 1426 522 1490 restituere
536 1426 660 1489 videtur
676 1424 892 1502 Blomfieldus,
906 1448 1006 1512 quum
1032 1420 1230 1506 καρανοιῖσθαι
1251 1437 1283 1488 et
1307 1451 1358 1488 κα-

256 1527 399 1608 ρανιστῆρ
414 1526 550 1590 dixerint
565 1526 685 1612 tragici,
702 1549 762 1590 non
787 1532 986 1609 καρηνοῦσθαι
1000 1543 1031 1590 et
1046 1525 1232 1608 καρηνιστήρ.
1267 1524 1360 1590 Ἑκα-

257 1627 435 1710 τογκάρανοι
456 1627 542 1713 apud
568 1628 764 1713 Hesychium
786 1644 843 1704 est,
866 1629 919 1692 sed
944 1651 1016 1693 cum
1040 1628 1293 1715 interpretatione
1315 1629 1357 1692 ad

256 1730 360 1808 aliam,
375 1753 449 1816 quae
463 1730 590 1809 excidit,
605 1733 739 1817 glossam
755 1731 926 1796 referenda.

300 1852 319 1916 3
321 1849 374 1917 54.
397 1837 490 1896 πῖισιν
504 1831 536 1899 δς
550 1833 661 1912 ἆνέστη
679 1834 769 1918 θεοῖς]
793 1834 975 1920 Legebatur
990 1833 1127 1913 ἀντέστη,
1143 1831 1229 1918 quod
1252 1855 1357 1896 emen-

257 1934 343 1999 davit
358 1933 619 1998 Wunderlichius
641 1958 671 2020 p.
690 1952 739 2016 27.
762 1936 817 1999 sed
839 1958 983 2022 perversa
1002 1950 1159 1999 structura
1176 1933 1356 2010 verborum,

258 2036 292 2103 δς
318 2036 428 2115 άνέστη
454 2037 579 2118 συρίζων
607 2038 703 2118 φόνον
728 2041 821 2100 πᾶσιν
847 2042 925 2104 θεοῖς
950 2042 1125 2118 σμερδναῖσι
1154 2041 1356 2118 γαμφηλαῖσι.

259 2139 367 2203 Dativi
382 2144 476 2204 πᾶσιν
490 2144 568 2206 θεοῖς
583 2139 623 2203 ab
638 2138 749 2218 άνίστη
765 2139 912 2224 pendent.
958 2139 1010 2201 Ita
1026 2140 1186 2201 Homerus
1209 2136 1300 2200 Iliad.
1317 2142 1356 2213 Ψ,

279 2261 331 2327 34
388 2327 444 2406 πὺξ
458 2331 514 2408 μὶν
530 2330 652 2408 ἐνίκησα
669 2328 871 2408 Κλυτομήδεα,
884 2325 1021 2392 Ἤνοπος
1036 2327 1112 2400 olda,

387 2427 532 2512 Ἀγκαῖον
546 2432 578 2493 δὲ
593 2431 674 2510 πάλη
689 2431 892 2511 Πλευράνιον,
908 2431 941 2496 ὅς
954 2454 1005 2508 μοι
1020 2429 1140 2506 ἀνέστη.

257 2569 331 2633 quar
353 2546 408 2610 ubi
430 2547 520 2610 affert
535 2545 691 2610 Aristides
704 2546 768 2609 rol.
787 2565 815 2612 2.
828 2569 858 2631 ρ.
871 2562 945 2631 503.
969 2547 999 2609 in
1023 2545 1103 2609 libro
1121 2545 1257 2632 quodam
1283 2545 1357 2609 Flo-

257 2648 380 2711 rentino
394 2646 461 2732 pari
476 2670 580 2710 errore
595 2647 723 2726 ἀντέστη
738 2648 898 2733 scriptum.

302 2759 375 2827 355.
404 2743 591 2828 σμερδναῖσι]
621 2750 748 2808 δειναῖσι
775 2746 858 2810 Rob.
883 2770 955 2811 cum
983 2749 1103 2812 Tzetza
1128 2747 1168 2810 ad
1195 2747 1357 2835 Lycoplrr.

264 2860 336 2924 177,
360 2843 416 2906 ubi
446 2858 549 2907 tamen
576 2846 673 2909 codex
704 2853 890 2929 σμερδναῖσι,
921 2864 952 2911 et
982 2848 1125 2912 Eudocia
1149 2873 1179 2936 p.
1200 2852 1274 2927 406.
1302 2849 1358 2912 ubi

258 2951 371 3010 διναῖσι
384 2944 544 3032 scriptum.

303 3048 505 3133 γαμφηλαῖσι]
528 3056 706 3132 γαμφηλῇσι
729 3052 805 3116 Ald.
829 3055 933 3117 Turn.
956 3066 987 3115 et
1009 3052 1100 3115 codd.
1128 3052 1255 3137 quidam
1283 3058 1358 3133 (non

257 3149 326 3231 M.)
342 3170 413 3212 cum
430 3151 601 3215 Eustatlrio
622 3176 652 3239 p.
668 3170 742 3237 579,
766 3153 873 3217 Ionica
895 3154 988 3217 dativi
1011 3153 1122 3231 forma,
1143 3176 1237 3241 quam
1262 3158 1359 3241 tragi-

259 3251 304 3315 cis
318 3274 379 3315 non
395 3274 467 3315 raro
480 3251 654 3318 intulerunt
669 3253 785 3318 librarii
801 3257 943 3320 Homero
957 3255 1087 3320 adsueti.

304 3354 413 3439 φόνοι]
427 3357 530 3437 φησιν
547 3357 643 3419 nn.
660 3356 744 3421 nob.

304 3455 379 3540 358.
409 3456 573 3541 ἄγρυπνον]
599 3460 704 3539 ἄγριον
728 3458 818 3522 codd.
842 3458 972 3545 aliquot.
1006 3467 1088 3539 “γρ.
1112 3461 1216 3540 άγριον
1237 3459 1360 3526 ottae?

262 3556 374 3643 Steph.

304 3673 379 3741 359.
401 3657 591 3745 καταιβάτης]
607 3662 793 3726 Descensor.
817 3669 876 3726 τῶν
892 3668 1040 3742 κεραυνῶν
1054 3665 1083 3726 ol
1099 3665 1155 3741 μὲν
1171 3662 1358 3743 καταιβάται,

260 3761 291 3823 οῖ
305 3762 338 3823 δὲ
351 3760 534 3843 detrimen*
553 3764 582 3825 ol
603 3763 635 3825 δὲ
655 3764 780 3844 ὰργῆτες
802 3771 970 3839 καλοῦνται,
994 3763 1176 3846 ὧςὈμηρος
1191 3767 1359 3844 ὠνόμασεν.

263 3860 368 3925 Schol.
383 3860 423 3925 ad
440 3860 604 3947 Aristoph.
622 3863 731 3948 eqrit.
748 3867 821 3950 693.
839 3887 859 3929 a
874 3865 1011 3930 Stanleio
1025 3865 1148 3930 citatus.
1171 3865 1359 3944 Bidentalia,

262 3963 324 4026 sive
339 3965 406 4027 loca
420 3962 547 4049 fulgure
559 3979 710 4040 contacta,
728 3966 832 4029 Graeci
856 3969 999 4048 ἔνηλάσια
1020 3968 1182 4046 vocabant,
1197 3982 1293 4053 atque
1309 3969 1361 4032 Ad

262 4063 426 4144 καταιβάτη
441 4067 670 4130 consecrabant.
697 4067 803 4132 Sclrol.
818 4068 858 4132 ad
876 4069 1040 4156 Aristoph.
1057 4070 1133 4133 Pac.
1148 4087 1201 4149 42.
1218 4068 1360 4155 Hesycb.

260 4177 292 4226 et
308 4165 450 4249 Etymol.
467 4166 516 4229 M.
530 4190 560 4231 v.
575 4167 751 4248 Ἐνηλύσια.
787 4170 860 4237 Διδς
875 4169 1066 4250 Καταιβάτου
1079 4192 1165 4234 aram
1187 4185 1361 4235 memorant

263 4264 434 4329 Pausanias
457 4268 557 4333 Eliac.
576 4289 604 4346 1,
624 4291 673 4349 14.
697 4271 912 4359 Apollodorus
932 4295 983 4359 ap.
1000 4273 1093 4337 schol.
1117 4271 1262 4359 Sophocl.
1280 4273 1360 4337 OEd.

264 4364 435 4532 (1]ῗοίρὲ
464 4368 506 4431 cf.
531 4370 722 4457 Lycophron
753 4387 844 4455 1370.
883 4372 1007 4437 Alberti
1030 4374 1070 4438 ad
1102 4375 1244 4462 Hesych.
1271 4376 1304 4438 in
1331 4399 1361 4440 v.
