2978 5062
573 367 640 429 AD
665 365 853 428 PERSAS.
1201 366 1265 435 239

165 537 273 601 Lexic.
291 539 432 623 Seguier.
455 560 487 623 p.
504 538 579 618 416,
599 556 647 600 11.
666 535 778 600 Ἀπον·
803 539 832 600 οἱ
852 538 909 615 μὲν
926 536 1029 602 Ἴωνες
1050 536 1264 609 συστέλλουσι,

163 641 212 704 καὶ
226 643 256 703 oi
270 641 398 717 ποιηταὶ,
415 641 600 703 οῐον-τῶν
619 637 642 702 δ’
660 639 740 703 ἅπαν
761 637 899 715 ἐπλήσθη
920 640 1033 702 πεδίον.
1051 639 1107 720 (li.
1123 645 1159 704 Ὺ.
1179 641 1265 724 156.)

163 744 211 805 καὶ
225 745 254 805 οἱ
267 741 397 805 Ἀττικοὶ
413 743 578 805 ἐκτείνουσι
592 741 647 820 τὴν
660 737 801 820 ύστέραν,
817 740 865 804 καὶ
880 739 914 803 τὸ
928 739 1069 820 παράπαν
1084 743 1203 821 ὁμοίιος,
1217 741 1265 804 καὶ

163 844 280 908 ἅπαντα
294 847 331 908 τὰ
346 849 478 917 τοιαῦτα,
497 843 625 924 (Suidas
641 843 689 906 καὶ
704 842 785 906 ἅπαν
800 843 848 906 καὶ
863 845 900 906 τὰ
915 845 1058 926 τοιαῦτα.)
1093 843 1187 911 Quod
1204 842 1262 906 fal·

163 967 232 1008 sum
258 957 317 1009 est.
355 945 470 1031 Eurip.
499 944 587 1007 Med.
615 946 707 1026 1087.
737 943 859 1024 πάμπᾶυ
885 947 1015 1026 ἄπειρος.
1056 945 1204 1008 Eustatb.
1234 944 1266 1007 in

166 1048 229 1111 Od.
247 1054 280 1110 B.
298 1071 331 1134 p.
351 1067 445 1131 1434,
465 1067 492 1110 1.
507 1048 637 1111 Ἀττικοὶ
652 1048 684 1109 δέ
701 1049 775 1109 κατὰ
791 1049 898 1109 Αἴλιον
915 1048 1086 1119 Διονύσιον,
1102 1048 1267 1110 ἐκτείνουσι

166 1150 220 1228 τὴν
239 1149 368 1230 ὑστέραν
388 1155 439 1211 τοῦ
461 1149 550 1213 ἅπαν.
574 1150 673 1230 ἕτερος
694 1150 727 1211 δέ
748 1147 843 1229 ῥήτωρ
864 1151 898 1213 ἐν
915 1151 1011 1233 οἰκείῳ
1032 1149 1137 1232 λεξικῷ
1157 1146 1267 1229 γράφει

167 1254 212 1315 ὅτι
227 1255 243 1314 ὁ
259 1255 350 1333 λόγος
363 1253 529 1334 βραχύνειν
544 1249 623 1329 ἀξιοῖ
643 1250 677 1312 τὸ
700 1250 790 1313 ἅπαν.
813 1253 851 1313 τὰ
870 1253 927 1332 γὰρ
949 1250 1268 1333 παρασχηματιζόμενα

167 1360 228 1420 τοῖς
246 1357 288 1420 εἰς
303 1362 337 1420 ᾱς
352 1354 502 1433 οὐδέτερα,
517 1354 731 1435 βραχύνονται.
758 1353 832 1425 οἷον,
848 1351 955 1430 μέλον,
972 1351 1078 1415 τύλαν.
1109 1354 1200 1418 οὕτως
1215 1351 1268 1414 σύν

167 1457 215 1518 καὶ
229 1456 320 1520 ἅπαν.
353 1459 379 1520 εί
401 1459 433 1519 δέ
454 1462 559 1532 ταῦτα,
574 1459 679 1539 πολλῷ
701 1454 796 1518 πλέον
810 1453 844 1517 τὸ
857 1454 981 1533 πάμπαν
996 1456 1140 1534 ἐπίρρημα
1155 1479 1266 1539 συνστα-

167 1558 301 1637 λήσεται.
336 1561 461 1622 Auctor
481 1557 521 1621 de
545 1556 675 1621 Prosod.
699 1579 749 1643 ap.
774 1558 950 1619 Hermann.
970 1556 1010 1619 de
1030 1557 1104 1619 Em.
1125 1557 1182 1619 Gr.
1206 1555 1265 1619 Gr.

168 1683 201 1744 p.
224 1681 299 1745 439.
322 1662 373 1724 dre
395 1660 498 1741 μέντοι
518 1661 552 1723 τὸ
574 1665 635 1724 πᾶν
655 1658 847 1738 δισυλλάβως
868 1659 1004 1740 λέγηται,
1025 1661 1092 1723 τότε
1114 1661 1173 1738 ἕξει
1192 1659 1227 1721 τὸ
1249 1685 1270 1722 α

168 1762 421 1842 συνεσταλμένον,
447 1765 577 1843 σύμπαν,
604 1763 694 1827 ύπαν.
726 1762 760 1825 τὸ
785 1764 818 1825 δέ
844 1763 924 1827 ἅπαν
949 1765 1065 1843 εὕρηται
1091 1761 1159 1843 παρ’
1180 1760 1269 1841 Ἀθη-

170 1868 264 1932 ναίοις
278 1868 411 1929 ἐκτεῖνον
425 1864 459 1929 τὸ
475 1891 504 1929 α.
544 1863 732 1951 Apollonius
751 1862 791 1926 de
814 1863 957 1927 Adverb.
980 1886 1012 1948 p.
1027 1866 1102 1947 569.
1118 1863 1167 1927 ed.
1184 1863 1268 1927 Bek-

172 1965 236 2028 ker.
254 1967 298 2029 ἔτι
312 1966 346 2029 τὸ
362 1971 422 2030 πᾶν
436 1967 673 2046 μονοσύλλαβον
686 1966 743 2042 μέν
762 1963 798 2027 ὃν
817 1966 851 2027 ἐν
871 1968 907 2050 τῇ
930 1963 1049 2028 ἐκτάσει
1070 1969 1123 2026 τοῦ
1141 1972 1160 2026 d
1175 1967 1269 2029 ἐστίν·

170 2069 244 2148 ὑπὲρ
266 2068 336 2146 μίαν
359 2069 391 2130 δὲ
411 2066 572 2146 συλλαβὴν
590 2065 779 2142 καθεστηκὸς,
798 2067 856 2128 εἴτε
880 2065 926 2128 καὶ
946 2067 1020 2128 κατὰ
1041 2067 1193 2139 σύνθεσιν,
1211 2069 1270 2131 εἴτε

172 2172 219 2234 καὶ
235 2168 309 2255 [κατ’
326 2170 456 2254 ἔνδ]ειαν
470 2173 522 2231 τού
537 2169 730 2233 ἐλλείποντος
744 2175 774 2244 ἆ,
789 2168 824 2230 ἐν
838 2168 983 2245 συστολῇ,
996 2169 1125 2247 σύμπαν,
1141 2168 1268 2248 πρόπαν,

171 2273 261 2335 ἅπαν·
284 2273 357 2352 ὅπερ
379 2270 551 2335 ἆνεδέδεκτο
575 2271 623 2334 καὶ
645 2268 679 2332 τὸ
695 2271 839 2350 ἐπίρρημα
859 2270 893 2332 ἐν
914 2272 953 2353 τῷ
968 2268 1103 2348 πάμπαν.
1151 2269 1190 2331 Iu
1210 2268 1270 2333 boc

169 2397 260 2438 versu
277 2373 473 2437 scribendum
490 2372 571 2436 sorte
586 2370 707 2436 divisim
724 2371 772 2435 ἐπὶ
786 2375 856 2434 πᾶν.
881 2371 1055 2434 BLOMF.
1099 2369 1177 2433 AElii
1194 2371 1272 2435 Dio-

170 2476 249 2563 nysii
273 2476 313 2539 de
337 2475 418 2540 ύπαν
441 2475 596 2562 producto
613 2475 795 2538 sententiam
814 2474 976 2538 confirmat
998 2473 1162 2559 Aristopb.
1184 2474 1268 2540 Acb.

175 2580 250 2663 998.
267 2579 315 2642 καὶ
329 2580 397 2659 περὶ
411 2579 445 2641 τὸ
460 2581 571 2661 χωρίον
585 2576 666 2643 ἅπαν
686 2581 796 2662 ἐλᾷδας
818 2580 925 2662 κύκλῳ.
970 2578 1051 2640 Nam
1075 2577 1118 2640 sic
1140 2578 1272 2664 scriptu-

173 2703 237 2743 ram
254 2680 403 2745 librorum
426 2683 538 2765 χωρίον
551 2680 633 2746 ἅπαν
647 2680 768 2748 ἐλπίδας
791 2683 824 2744 ἐν
840 2681 936 2765 κύκλῳ
951 2679 1106 2743 verissime
1128 2680 1273 2743 emenda-

172 2783 218 2844 vit
233 2783 404 2847 Bentleius.
451 2785 565 2870 Itaque
587 2806 648 2848 non
672 2783 947 2870 reprehendendus
962 2782 1086 2845 videtur
1101 2781 1270 2870 AEscbylus

173 2884 227 2968 qui
251 2887 359 2949 ἐπίπαν
381 2885 536 2972 producta
557 2887 676 2973 syllaba
699 2885 809 2949 ultima
830 2885 954 2962 dixerit,
974 2909 1072 2972 quum
1097 2886 1268 2970 praesertim

174 2987 282 3049 ἐπίπαν
296 2985 354 3049 boc
369 2984 437 3051 loco
452 3010 513 3050 non
530 3003 591 3051 tam
608 2988 790 3053 adverbium
804 3011 899 3075 quam
915 2988 1101 3075 adjectivum
1118 2989 1167 3067 sit,
1178 2990 1270 3075 cujus

172 3104 256 3151 certa
284 3090 426 3176 exempla
456 3107 530 3154 sunt
559 3090 590 3154 in
619 3091 817 3178 inscriptione
845 3090 986 3155 Cretensi
1015 3092 1101 3178 apud
1131 3091 1268 3156 Boeckb.

172 3189 233 3254 vol.
253 3209 279 3255 2.
296 3214 329 3277 p.
345 3212 420 3274 409,
441 3213 491 3276 15.
509 3193 640 3272 εύνοήσω
654 3202 715 3262 τοῖς
730 3197 855 3258 ἐπίπασι
871 3192 1090 3273 Ἱεραπυτνίοις.
1113 3208 1145 3256 et
1163 3195 1212 3256 18.
1229 3197 1270 3257 Οἱ

172 3295 330 3359 ἐπίπαυτες
343 3292 547 3373 Ἰεραπύτνιοι

212 3397 322 3458 ἐπίπαν
355 3395 544 3475 ἠπειρογενὲς
582 3396 759 3477 κατέχουσιν
788 3396 886 3478 ἔθνος]
925 3395 1036 3479 Hujus
1065 3394 1268 3458 circumlocu-

172 3495 264 3560 tionis
286 3495 365 3559 mtio
386 3495 490 3575 altius,
518 3497 549 3559 ni
569 3496 671 3576 fallor,
693 3496 861 3584 repetenda
882 3511 939 3560 est.
986 3497 1104 3560 Notatu
1129 3495 1271 3581 dignissi-

173 3619 259 3658 mum
283 3613 340 3673 est,
370 3619 525 3682 nusquam
554 3598 595 3662 ab
623 3598 787 3684 AEscbylo,
817 3598 849 3661 in
879 3597 1073 3662 recensendis
1103 3599 1269 3663 Persarum

172 3698 279 3783 copiis,
301 3698 486 3762 mentionem
515 3701 629 3764 Ionum
654 3701 798 3788 injectam
824 3724 897 3765 esse.
944 3700 1080 3765 Facinus
1105 3699 1270 3786 indignum

173 3799 304 3883 putabat
328 3801 566 3866 Atheniensium
590 3805 768 3867 colonorum
792 3818 932 3890 posteros
952 3826 970 3866 a
991 3802 1110 3866 Xerxis
1129 3801 1272 3888 partibus

173 3901 301 3980 stetisse,
318 3903 416 3967 noluit
433 3918 534 3968 tamen
558 3905 594 3968 iis
615 3906 737 3992 cuipam
758 3907 924 3993 imputare,
940 3928 1040 3991 quum
1063 3904 1095 3966 in
1118 3927 1170 3966 eos
1191 3903 1271 3968 bene

171 4005 273 4068 affecti
285 4020 386 4069 essent
402 4006 628 4081 Atheniensem
653 4007 717 4071 vid.
734 4007 888 4071 Herodot.
905 4027 937 4088 9,
954 4009 1024 4070 106.
1048 4007 1152 4083 Quare
1163 4027 1272 4070 omnes

174 4107 273 4171 Ioniae
288 4107 403 4171 incolas
418 4107 477 4171 sub
495 4108 659 4194 Lydorum
676 4108 800 4171 nomine
816 4107 1072 4194 comprehendit;
1096 4106 1270 4196 etquidem

171 4232 212 4272 ex
237 4210 366 4274 urbibus
393 4209 520 4287 Ionicis,
547 4233 600 4274 sex
627 4210 709 4274 intra
737 4209 849 4296 Lydioe
875 4211 952 4274 fines
975 4210 1042 4274 sitae
1067 4227 1170 4275 erant:
1204 4210 1269 4277 vid.

175 4312 330 4376 Herodot.
349 4331 463 4391 1,142.
487 4313 663 4376 BLOMF.

217 4434 271 4498 43.
295 4413 473 4498 κατέχουσιν
488 4413 584 4498 ἔθνος]
607 4414 678 4477 Etsi
695 4414 763 4478 haec
776 4414 922 4501 explicari
938 4430 1080 4502 possunt,
1096 4417 1120 4481 si
1136 4417 1273 4502 κατέχειν

177 4517 261 4584 ἔθνος
283 4515 465 4582 insolentius
486 4516 606 4581 dictum
628 4517 678 4595 sit,
699 4539 757 4604 pro
774 4526 872 4605 gente
889 4518 997 4606 aliqua
1016 4521 1180 4600 contineri,
1196 4519 1273 4584 mihi
