<?xml version="1.0" encoding="UTF-8"?>
<!DOCTYPE html PUBLIC "-//W3C//DTD XHTML 1.0 Transitional//EN"
    "http://www.w3.org/TR/xhtml1/DTD/xhtml1-transitional.dtd">
<html xmlns="http://www.w3.org/1999/xhtml" xml:lang="en" lang="en">
 <head>
  <title>
</title>
<meta http-equiv="Content-Type" content="text/html;charset=utf-8" />
  <meta name='ocr-system' content='tesseract 3.04.00' />
  <meta name='ocr-capabilities' content='ocr_page ocr_carea ocr_par ocr_line ocrx_word'/>
</head>
<body>
  <div class='ocr_page' id='page_1' title='image "./tragoediaesuper02aescgoog_0073.png"; bbox 0 0 2978 5062; ppageno 0'>
   <div class='ocr_carea' id='block_1_1' title="bbox 515 315 1288 383">
    <p class='ocr_par' dir='ltr' id='par_1_1' title="bbox 515 315 1288 383">
     <span class='ocr_line' id='line_1_1' title="bbox 515 315 1288 383; baseline -0.005 0"><span class='ocrx_word' id='word_1_1' title='bbox 515 322 582 382; x_wconf 89' lang='grc' dir='ltr'>ΑΙ)</span> <span class='ocrx_word' id='word_1_2' title='bbox 606 318 963 383; x_wconf 86' lang='lat' dir='ltr'>PROMETHEUM.</span> <span class='ocrx_word' id='word_1_3' title='bbox 1245 315 1288 379; x_wconf 79' lang='grc'>68</span> 
     </span>
    </p>
   </div>
   <div class='ocr_carea' id='block_1_2' title="bbox 190 483 1297 1967">
    <p class='ocr_par' dir='ltr' id='par_1_2' title="bbox 190 483 1297 1967">
     <span class='ocr_line' id='line_1_2' title="bbox 190 483 1289 570; baseline -0.002 -20"><span class='ocrx_word' id='word_1_4' title='bbox 190 485 311 550; x_wconf 86' lang='lat' dir='ltr'>Euxini</span> <span class='ocrx_word' id='word_1_5' title='bbox 325 483 436 549; x_wconf 78' lang='lat' dir='ltr'><strong>accolis</strong></span> <span class='ocrx_word' id='word_1_6' title='bbox 458 485 652 549; x_wconf 73' lang='lat' dir='ltr'>recensendis</span> <span class='ocrx_word' id='word_1_7' title='bbox 666 499 816 563; x_wconf 88' lang='lat' dir='ltr'>versetur,</span> <span class='ocrx_word' id='word_1_8' title='bbox 827 486 901 570; x_wconf 87' lang='lat' dir='ltr'>jure</span> <span class='ocrx_word' id='word_1_9' title='bbox 922 485 1075 547; x_wconf 87' lang='lat' dir='ltr'>mirantur</span> <span class='ocrx_word' id='word_1_10' title='bbox 1096 483 1289 570; x_wconf 80' lang='lat' dir='ltr'>interpretes,</span> 
     </span>
     <span class='ocr_line' id='line_1_3' title="bbox 191 585 1289 653; baseline -0.003 -2"><span class='ocrx_word' id='word_1_11' title='bbox 191 585 276 652; x_wconf 91' lang='lat' dir='ltr'>unde</span> <span class='ocrx_word' id='word_1_12' title='bbox 290 587 359 653; x_wconf 82' lang='lat' dir='ltr'>haec</span> <span class='ocrx_word' id='word_1_13' title='bbox 375 588 505 652; x_wconf 84' lang='lat' dir='ltr'>Arabiae</span> <span class='ocrx_word' id='word_1_14' title='bbox 520 590 647 651; x_wconf 88' lang='lat' dir='ltr'>mentio.</span> <span class='ocrx_word' id='word_1_15' title='bbox 692 587 844 651; x_wconf 78' lang='lat' dir='ltr'>Nonnulli</span> <span class='ocrx_word' id='word_1_16' title='bbox 858 587 899 650; x_wconf 91' lang='lat' dir='ltr'>ad</span> <span class='ocrx_word' id='word_1_17' title='bbox 914 586 1160 650; x_wconf 81' lang='lat' dir='ltr'>emendationem</span> <span class='ocrx_word' id='word_1_18' title='bbox 1179 586 1289 651; x_wconf 80' lang='lat' dir='ltr'>confu-</span> 
     </span>
     <span class='ocr_line' id='line_1_4' title="bbox 190 687 1290 775; baseline -0.001 -23"><span class='ocrx_word' id='word_1_19' title='bbox 190 689 292 774; x_wconf 86' lang='lat' dir='ltr'>giunt,</span> <span class='ocrx_word' id='word_1_20' title='bbox 308 712 443 775; x_wconf 90' lang='lat' dir='ltr'>quorum</span> <span class='ocrx_word' id='word_1_21' title='bbox 459 691 652 774; x_wconf 87' lang='lat' dir='ltr'>conjecturas</span> <span class='ocrx_word' id='word_1_22' title='bbox 664 711 837 753; x_wconf 88' lang='lat' dir='ltr'>memorare</span> <span class='ocrx_word' id='word_1_23' title='bbox 854 687 1050 774; x_wconf 87' lang='lat' dir='ltr'>supersedeo.</span> <span class='ocrx_word' id='word_1_24' title='bbox 1096 688 1203 775; x_wconf 86' lang='lat' dir='ltr'>Magis</span> <span class='ocrx_word' id='word_1_25' title='bbox 1223 688 1290 774; x_wconf 92' lang='lat' dir='ltr'>pla·</span> 
     </span>
     <span class='ocr_line' id='line_1_5' title="bbox 191 784 1292 878; baseline 0 -24"><span class='ocrx_word' id='word_1_26' title='bbox 191 804 240 854; x_wconf 83' lang='lat' dir='ltr'>cet</span> <span class='ocrx_word' id='word_1_27' title='bbox 261 788 385 855; x_wconf 85' lang='lat' dir='ltr'>Butleri</span> <span class='ocrx_word' id='word_1_28' title='bbox 408 784 571 869; x_wconf 83' lang='lat' dir='ltr'>sententia,</span> <span class='ocrx_word' id='word_1_29' title='bbox 594 791 650 878; x_wconf 92' lang='lat' dir='ltr'>qui</span> <span class='ocrx_word' id='word_1_30' title='bbox 675 791 839 856; x_wconf 82' lang='lat' dir='ltr'>ostendere</span> <span class='ocrx_word' id='word_1_31' title='bbox 861 805 1002 866; x_wconf 87' lang='lat' dir='ltr'>conatur,</span> <span class='ocrx_word' id='word_1_32' title='bbox 1029 812 1141 854; x_wconf 86' lang='lat' dir='ltr'>nomen</span> <span class='ocrx_word' id='word_1_33' title='bbox 1161 791 1292 854; x_wconf 71' lang='lat' dir='ltr'>Arabiae</span> 
     </span>
     <span class='ocr_line' id='line_1_6' title="bbox 192 890 1292 980; baseline 0.001 -26"><span class='ocrx_word' id='word_1_34' title='bbox 192 891 285 956; x_wconf 90' lang='lat' dir='ltr'>latius</span> <span class='ocrx_word' id='word_1_35' title='bbox 307 890 381 955; x_wconf 90' lang='lat' dir='ltr'>olim</span> <span class='ocrx_word' id='word_1_36' title='bbox 407 915 504 977; x_wconf 90' lang='lat' dir='ltr'>quam</span> <span class='ocrx_word' id='word_1_37' title='bbox 533 892 629 980; x_wconf 88' lang='lat' dir='ltr'>vulgo</span> <span class='ocrx_word' id='word_1_38' title='bbox 653 892 791 957; x_wconf 89' lang='lat' dir='ltr'>creditur</span> <span class='ocrx_word' id='word_1_39' title='bbox 815 891 962 978; x_wconf 87' lang='lat' dir='ltr'>patuisse.</span> <span class='ocrx_word' id='word_1_40' title='bbox 1009 891 1071 955; x_wconf 85' lang='lat' dir='ltr'>Sed</span> <span class='ocrx_word' id='word_1_41' title='bbox 1093 891 1187 956; x_wconf 91' lang='lat' dir='ltr'>nolim</span> <span class='ocrx_word' id='word_1_42' title='bbox 1211 893 1292 955; x_wconf 90' lang='lat' dir='ltr'>hanc</span> 
     </span>
     <span class='ocr_line' id='line_1_7' title="bbox 193 990 1292 1079; baseline 0 -24"><span class='ocrx_word' id='word_1_43' title='bbox 193 992 396 1079; x_wconf 71' lang='lat' dir='ltr'>quaestionem</span> <span class='ocrx_word' id='word_1_44' title='bbox 412 993 504 1057; x_wconf 88' lang='lat' dir='ltr'>nimis</span> <span class='ocrx_word' id='word_1_45' title='bbox 517 996 637 1058; x_wconf 86' lang='lat' dir='ltr'>curiose</span> <span class='ocrx_word' id='word_1_46' title='bbox 653 1009 794 1058; x_wconf 86' lang='lat' dir='ltr'>tractare.</span> <span class='ocrx_word' id='word_1_47' title='bbox 819 995 901 1058; x_wconf 92' lang='lat' dir='ltr'>Nam</span> <span class='ocrx_word' id='word_1_48' title='bbox 916 990 1079 1057; x_wconf 84' lang='lat' dir='ltr'>verisimile</span> <span class='ocrx_word' id='word_1_49' title='bbox 1092 1007 1140 1056; x_wconf 84' lang='lat' dir='ltr'>est</span> <span class='ocrx_word' id='word_1_50' title='bbox 1154 992 1292 1079; x_wconf 84' lang='lat' dir='ltr'>AEschy·</span> 
     </span>
     <span class='ocr_line' id='line_1_8' title="bbox 195 1093 1293 1182; baseline 0 -26"><span class='ocrx_word' id='word_1_51' title='bbox 195 1095 259 1158; x_wconf 90' lang='lat' dir='ltr'>lum</span> <span class='ocrx_word' id='word_1_52' title='bbox 276 1095 489 1182; x_wconf 79' lang='lat' dir='ltr'>Geographiae</span> <span class='ocrx_word' id='word_1_53' title='bbox 511 1096 607 1159; x_wconf 86' lang='lat' dir='ltr'>nihilo</span> <span class='ocrx_word' id='word_1_54' title='bbox 628 1096 803 1182; x_wconf 84' lang='lat' dir='ltr'>peritiorem</span> <span class='ocrx_word' id='word_1_55' title='bbox 827 1095 921 1159; x_wconf 81' lang='lat' dir='ltr'>fuisse</span> <span class='ocrx_word' id='word_1_56' title='bbox 944 1094 1060 1180; x_wconf 85' lang='lat' dir='ltr'>tragico</span> <span class='ocrx_word' id='word_1_57' title='bbox 1076 1108 1222 1170; x_wconf 79' lang='lat' dir='ltr'>nostrate,</span> <span class='ocrx_word' id='word_1_58' title='bbox 1237 1093 1293 1179; x_wconf 93' lang='lat' dir='ltr'>qui</span> 
     </span>
     <span class='ocr_line' id='line_1_9' title="bbox 194 1195 1294 1281; baseline -0.001 -21"><span class='ocrx_word' id='word_1_59' title='bbox 194 1218 279 1260; x_wconf 86' lang='lat' dir='ltr'>oram</span> <span class='ocrx_word' id='word_1_60' title='bbox 312 1197 471 1260; x_wconf 83' lang='lat' dir='ltr'>Bohemiae</span> <span class='ocrx_word' id='word_1_61' title='bbox 499 1198 685 1260; x_wconf 80' lang='lat' dir='ltr'>maritimam</span> <span class='ocrx_word' id='word_1_62' title='bbox 714 1213 876 1261; x_wconf 88' lang='lat' dir='ltr'>memorat.</span> <span class='ocrx_word' id='word_1_63' title='bbox 909 1198 1024 1260; x_wconf 91' lang='lat' dir='ltr'>ELM.</span> <span class='ocrx_word' id='word_1_64' title='bbox 1071 1195 1169 1259; x_wconf 89' lang='lat' dir='ltr'>Simili</span> <span class='ocrx_word' id='word_1_65' title='bbox 1198 1211 1294 1281; x_wconf 89' lang='lat' dir='ltr'>atque</span> 
     </span>
     <span class='ocr_line' id='line_1_10' title="bbox 197 1296 1293 1384; baseline -0.001 -24"><span class='ocrx_word' id='word_1_66' title='bbox 197 1297 346 1362; x_wconf 89' lang='lat' dir='ltr'>Butlerus</span> <span class='ocrx_word' id='word_1_67' title='bbox 367 1299 486 1361; x_wconf 88' lang='lat' dir='ltr'>ratione</span> <span class='ocrx_word' id='word_1_68' title='bbox 507 1314 630 1384; x_wconf 89' lang='lat' dir='ltr'>poetam</span> <span class='ocrx_word' id='word_1_69' title='bbox 654 1320 714 1360; x_wconf 93' lang='lat' dir='ltr'>non</span> <span class='ocrx_word' id='word_1_70' title='bbox 738 1312 801 1361; x_wconf 91' lang='lat' dir='ltr'>tam</span> <span class='ocrx_word' id='word_1_71' title='bbox 822 1296 1030 1361; x_wconf 87' lang='lat' dir='ltr'>defenderunt</span> <span class='ocrx_word' id='word_1_72' title='bbox 1044 1319 1138 1381; x_wconf 84' lang='lat' dir='ltr'>quarn</span> <span class='ocrx_word' id='word_1_73' title='bbox 1161 1317 1293 1360; x_wconf 87' lang='lat' dir='ltr'>excusa·</span> 
     </span>
     <span class='ocr_line' id='line_1_11' title="bbox 197 1398 1295 1487; baseline 0 -26"><span class='ocrx_word' id='word_1_74' title='bbox 197 1413 269 1462; x_wconf 90' lang='lat' dir='ltr'>runt</span> <span class='ocrx_word' id='word_1_75' title='bbox 286 1400 314 1462; x_wconf 90' lang='grc' dir='ltr'>Ι.</span> <span class='ocrx_word' id='word_1_76' title='bbox 332 1401 379 1462; x_wconf 89' lang='lat' dir='ltr'>H.</span> <span class='ocrx_word' id='word_1_77' title='bbox 397 1400 525 1487; x_wconf 83' lang='lat' dir='ltr'>Vossius</span> <span class='ocrx_word' id='word_1_78' title='bbox 539 1400 570 1463; x_wconf 93' lang='lat' dir='ltr'>in</span> <span class='ocrx_word' id='word_1_79' title='bbox 586 1399 735 1484; x_wconf 86' lang='lat' dir='ltr'>symbolis</span> <span class='ocrx_word' id='word_1_80' title='bbox 753 1399 794 1462; x_wconf 90' lang='lat' dir='ltr'>ad</span> <span class='ocrx_word' id='word_1_81' title='bbox 815 1398 1037 1485; x_wconf 82' lang='lat' dir='ltr'>geographiam</span> <span class='ocrx_word' id='word_1_82' title='bbox 1054 1411 1205 1474; x_wconf 88' lang='lat' dir='ltr'>veterum,</span> <span class='ocrx_word' id='word_1_83' title='bbox 1221 1419 1295 1483; x_wconf 80' lang='lat' dir='ltr'>quae</span> 
     </span>
     <span class='ocr_line' id='line_1_12' title="bbox 197 1498 1295 1587; baseline 0.001 -25"><span class='ocrx_word' id='word_1_84' title='bbox 197 1498 301 1565; x_wconf 89' lang='lat' dir='ltr'>diariis</span> <span class='ocrx_word' id='word_1_85' title='bbox 315 1501 506 1565; x_wconf 78' lang='lat' dir='ltr'>denensibus</span> <span class='ocrx_word' id='word_1_86' title='bbox 519 1525 547 1564; x_wconf 90' lang='lat' dir='ltr'>a.</span> <span class='ocrx_word' id='word_1_87' title='bbox 566 1503 660 1585; x_wconf 87' lang='lat'>1805.</span> <span class='ocrx_word' id='word_1_88' title='bbox 676 1513 748 1564; x_wconf 88' lang='lat' dir='ltr'>sunt</span> <span class='ocrx_word' id='word_1_89' title='bbox 763 1500 906 1585; x_wconf 73' lang='lat' dir='ltr'>adjecta,</span> <span class='ocrx_word' id='word_1_90' title='bbox 921 1525 950 1587; x_wconf 92' lang='lat' dir='ltr'>p.</span> <span class='ocrx_word' id='word_1_91' title='bbox 967 1501 1051 1564; x_wconf 86' lang='lat' dir='ltr'>xviii.</span> <span class='ocrx_word' id='word_1_92' title='bbox 1074 1501 1241 1565; x_wconf 83' lang='lat' dir='ltr'>Jacobsius</span> <span class='ocrx_word' id='word_1_93' title='bbox 1262 1499 1295 1563; x_wconf 91' lang='lat' dir='ltr'>iu</span> 
     </span>
     <span class='ocr_line' id='line_1_13' title="bbox 199 1601 1294 1688; baseline 0.002 -24"><span class='ocrx_word' id='word_1_94' title='bbox 199 1601 396 1665; x_wconf 84' lang='lat' dir='ltr'>annotatione</span> <span class='ocrx_word' id='word_1_95' title='bbox 418 1602 458 1665; x_wconf 92' lang='lat' dir='ltr'>ad</span> <span class='ocrx_word' id='word_1_96' title='bbox 481 1602 512 1664; x_wconf 91' lang='lat' dir='ltr'>h.</span> <span class='ocrx_word' id='word_1_97' title='bbox 528 1602 549 1665; x_wconf 96' lang='lat' dir='ltr'>l.</span> <span class='ocrx_word' id='word_1_98' title='bbox 567 1602 597 1664; x_wconf 88' lang='lat' dir='ltr'>in</span> <span class='ocrx_word' id='word_1_99' title='bbox 619 1603 737 1665; x_wconf 91' lang='lat' dir='ltr'>Museo</span> <span class='ocrx_word' id='word_1_100' title='bbox 750 1602 861 1665; x_wconf 89' lang='lat' dir='ltr'>Attico</span> <span class='ocrx_word' id='word_1_101' title='bbox 876 1601 936 1664; x_wconf 88' lang='lat' dir='ltr'>vol.</span> <span class='ocrx_word' id='word_1_102' title='bbox 952 1624 983 1686; x_wconf 85' lang='lat'>3.</span> <span class='ocrx_word' id='word_1_103' title='bbox 1007 1625 1038 1688; x_wconf 91' lang='lat' dir='ltr'>p.</span> <span class='ocrx_word' id='word_1_104' title='bbox 1055 1623 1128 1680; x_wconf 87' lang='lat'>410.</span> <span class='ocrx_word' id='word_1_105' title='bbox 1145 1601 1294 1666; x_wconf 80' lang='lat' dir='ltr'>Welclte-</span> 
     </span>
     <span class='ocr_line' id='line_1_14' title="bbox 200 1702 1296 1789; baseline 0.001 -24"><span class='ocrx_word' id='word_1_106' title='bbox 200 1725 252 1765; x_wconf 92' lang='lat' dir='ltr'>rus</span> <span class='ocrx_word' id='word_1_107' title='bbox 264 1703 296 1766; x_wconf 91' lang='lat' dir='ltr'>in</span> <span class='ocrx_word' id='word_1_108' title='bbox 311 1702 392 1767; x_wconf 92' lang='lat' dir='ltr'>libro</span> <span class='ocrx_word' id='word_1_109' title='bbox 406 1703 446 1766; x_wconf 93' lang='lat' dir='ltr'>de</span> <span class='ocrx_word' id='word_1_110' title='bbox 461 1703 592 1789; x_wconf 84' lang='lat' dir='ltr'>trilogiis</span> <span class='ocrx_word' id='word_1_111' title='bbox 610 1726 644 1787; x_wconf 84' lang='lat' dir='ltr'>p.</span> <span class='ocrx_word' id='word_1_112' title='bbox 663 1721 712 1766; x_wconf 89' lang='lat'>20.</span> <span class='ocrx_word' id='word_1_113' title='bbox 751 1703 880 1767; x_wconf 85' lang='lat' dir='ltr'>Arabiae</span> <span class='ocrx_word' id='word_1_114' title='bbox 896 1705 1083 1767; x_wconf 87' lang='lat' dir='ltr'>mentionem</span> <span class='ocrx_word' id='word_1_115' title='bbox 1099 1705 1191 1768; x_wconf 88' lang='lat' dir='ltr'>etiam</span> <span class='ocrx_word' id='word_1_116' title='bbox 1208 1704 1296 1768; x_wconf 88' lang='lat' dir='ltr'>scho-</span> 
     </span>
     <span class='ocr_line' id='line_1_15' title="bbox 201 1800 1297 1889; baseline 0.005 -26"><span class='ocrx_word' id='word_1_117' title='bbox 201 1800 287 1867; x_wconf 86' lang='lat' dir='ltr'>liasta</span> <span class='ocrx_word' id='word_1_118' title='bbox 301 1822 347 1867; x_wconf 88' lang='lat' dir='ltr'>est</span> <span class='ocrx_word' id='word_1_119' title='bbox 362 1803 503 1880; x_wconf 87' lang='lat' dir='ltr'>miratus,</span> <span class='ocrx_word' id='word_1_120' title='bbox 518 1803 574 1889; x_wconf 92' lang='lat' dir='ltr'>qui</span> <span class='ocrx_word' id='word_1_121' title='bbox 594 1804 708 1889; x_wconf 84' lang='lat' dir='ltr'>quaerit</span> <span class='ocrx_word' id='word_1_122' title='bbox 722 1810 783 1870; x_wconf 81' lang='grc' dir='ltr'>πῶς</span> <span class='ocrx_word' id='word_1_123' title='bbox 804 1805 858 1882; x_wconf 78' lang='grc' dir='ltr'>τὴν</span> <span class='ocrx_word' id='word_1_124' title='bbox 876 1803 1025 1885; x_wconf 80' lang='grc' dir='ltr'>Ἀραβίαν</span> <span class='ocrx_word' id='word_1_125' title='bbox 1040 1803 1187 1888; x_wconf 76' lang='grc' dir='ltr'>Καυκάσῳ</span> <span class='ocrx_word' id='word_1_126' title='bbox 1203 1801 1297 1887; x_wconf 66' lang='grc' dir='ltr'>συνᾴ-</span> 
     </span>
     <span class='ocr_line' id='line_1_16' title="bbox 202 1928 293 1967; baseline 0.033 -3"><span class='ocrx_word' id='word_1_127' title='bbox 202 1928 293 1967; x_wconf 77' lang='grc' dir='ltr'>κισεν.</span> 
     </span>
    </p>
   </div>
   <div class='ocr_carea' id='block_1_3' title="bbox 205 2004 1353 3700">
    <p class='ocr_par' dir='ltr' id='par_1_3' title="bbox 243 2004 1353 2091">
     <span class='ocr_line' id='line_1_17' title="bbox 243 2004 1353 2091; baseline -0.001 -21"><span class='ocrx_word' id='word_1_128' title='bbox 243 2008 333 2072; x_wconf 82' lang='grc' dir='ltr'>όυθος</span> <span class='ocrx_word' id='word_1_129' title='bbox 348 2008 484 2069; x_wconf 88' lang='lat' dir='ltr'>A.B.M.</span> <span class='ocrx_word' id='word_1_130' title='bbox 500 2005 616 2091; x_wconf 92' lang='lat' dir='ltr'>aliique</span> <span class='ocrx_word' id='word_1_131' title='bbox 629 2004 757 2091; x_wconf 85' lang='lat' dir='ltr'>plurimi</span> <span class='ocrx_word' id='word_1_132' title='bbox 771 2018 802 2068; x_wconf 90' lang='lat' dir='ltr'>et</span> <span class='ocrx_word' id='word_1_133' title='bbox 817 2006 901 2069; x_wconf 88' lang='lat' dir='ltr'>Rob.</span> <span class='ocrx_word' id='word_1_134' title='bbox 927 2008 1012 2074; x_wconf 79' lang='grc' dir='ltr'>ἔθνος</span> <span class='ocrx_word' id='word_1_135' title='bbox 1026 2006 1103 2069; x_wconf 90' lang='lat' dir='ltr'>Ald.</span> <span class='ocrx_word' id='word_1_136' title='bbox 1120 2007 1225 2069; x_wconf 88' lang='lat' dir='ltr'>Turn.</span> <span class='ocrx_word' id='word_1_137' title='bbox 1348 2050 1353 2056; x_wconf 88' lang='lat'>-</span> 
     </span>
    </p>

    <p class='ocr_par' dir='ltr' id='par_1_4' title="bbox 205 2105 1301 2792">
     <span class='ocr_line' id='line_1_18' title="bbox 244 2105 1298 2191; baseline 0 -21"><span class='ocrx_word' id='word_1_138' title='bbox 244 2126 317 2187; x_wconf 84' lang='grc'><strong>421.</strong></span> <span class='ocrx_word' id='word_1_139' title='bbox 334 2107 521 2190; x_wconf 72' lang='grc' dir='ltr'>ὑψίκρημνόν</span> <span class='ocrx_word' id='word_1_140' title='bbox 536 2107 560 2170; x_wconf 84' lang='grc' dir='ltr'>θ’</span> <span class='ocrx_word' id='word_1_141' title='bbox 577 2108 607 2170; x_wconf 78' lang='grc' dir='ltr'>οἰ</span> <span class='ocrx_word' id='word_1_142' title='bbox 619 2106 755 2184; x_wconf 88' lang='grc' dir='ltr'>πόλισμα</span> <span class='ocrx_word' id='word_1_143' title='bbox 770 2105 930 2170; x_wconf 80' lang='grc' dir='ltr'>Καυκάσου</span> <span class='ocrx_word' id='word_1_144' title='bbox 943 2107 1039 2174; x_wconf 89' lang='grc' dir='ltr'>πέλας</span> <span class='ocrx_word' id='word_1_145' title='bbox 1055 2106 1204 2191; x_wconf 85' lang='grc' dir='ltr'>νέμονται]</span> <span class='ocrx_word' id='word_1_146' title='bbox 1216 2107 1298 2170; x_wconf 81' lang='lat' dir='ltr'>Edi-</span> 
     </span>
     <span class='ocr_line' id='line_1_19' title="bbox 205 2206 1298 2294; baseline 0.001 -24"><span class='ocrx_word' id='word_1_147' title='bbox 205 2216 270 2270; x_wconf 80' lang='lat' dir='ltr'>tnm</span> <span class='ocrx_word' id='word_1_148' title='bbox 283 2209 443 2272; x_wconf 69' lang='lat' dir='ltr'>catullum</span> <span class='ocrx_word' id='word_1_149' title='bbox 458 2231 510 2272; x_wconf 90' lang='lat' dir='ltr'>seu</span> <span class='ocrx_word' id='word_1_150' title='bbox 526 2206 679 2294; x_wconf 91' lang='lat' dir='ltr'>oppidum</span> <span class='ocrx_word' id='word_1_151' title='bbox 695 2221 877 2269; x_wconf 81' lang='lat' dir='ltr'>montanum</span> <span class='ocrx_word' id='word_1_152' title='bbox 891 2209 1033 2271; x_wconf 81' lang='lat' dir='ltr'>Caucaso</span> <span class='ocrx_word' id='word_1_153' title='bbox 1047 2210 1185 2271; x_wconf 69' lang='lat' dir='ltr'>omissum</span> <span class='ocrx_word' id='word_1_154' title='bbox 1197 2207 1298 2292; x_wconf 88' lang='lat' dir='ltr'>quod·</span> 
     </span>
     <span class='ocr_line' id='line_1_20' title="bbox 207 2307 1299 2394; baseline 0.001 -24"><span class='ocrx_word' id='word_1_155' title='bbox 207 2310 340 2386; x_wconf 73' lang='grc' dir='ltr'>συνιεὶς,</span> <span class='ocrx_word' id='word_1_156' title='bbox 357 2309 530 2394; x_wconf 79' lang='lat' dir='ltr'>AEscbylus</span> <span class='ocrx_word' id='word_1_157' title='bbox 551 2331 614 2372; x_wconf 90' lang='lat' dir='ltr'>uon</span> <span class='ocrx_word' id='word_1_158' title='bbox 635 2307 736 2384; x_wconf 83' lang='lat' dir='ltr'>addit,</span> <span class='ocrx_word' id='word_1_159' title='bbox 752 2329 808 2370; x_wconf 91' lang='lat' dir='ltr'>nec</span> <span class='ocrx_word' id='word_1_160' title='bbox 829 2308 916 2392; x_wconf 86' lang='lat' dir='ltr'>apud</span> <span class='ocrx_word' id='word_1_161' title='bbox 936 2308 1132 2392; x_wconf 83' lang='lat' dir='ltr'>geographos</span> <span class='ocrx_word' id='word_1_162' title='bbox 1153 2307 1299 2393; x_wconf 90' lang='lat' dir='ltr'>antiquos</span> 
     </span>
     <span class='ocr_line' id='line_1_21' title="bbox 206 2407 1299 2495; baseline -0.001 -23"><span class='ocrx_word' id='word_1_163' title='bbox 206 2411 303 2495; x_wconf 88' lang='lat' dir='ltr'>reperi</span> <span class='ocrx_word' id='word_1_164' title='bbox 325 2432 450 2485; x_wconf 89' lang='lat' dir='ltr'>nomen,</span> <span class='ocrx_word' id='word_1_165' title='bbox 473 2410 524 2474; x_wconf 88' lang='lat' dir='ltr'>cui</span> <span class='ocrx_word' id='word_1_166' title='bbox 550 2409 617 2473; x_wconf 85' lang='lat' dir='ltr'>haec</span> <span class='ocrx_word' id='word_1_167' title='bbox 641 2407 808 2493; x_wconf 86' lang='lat' dir='ltr'>descriptio</span> <span class='ocrx_word' id='word_1_168' title='bbox 831 2407 875 2470; x_wconf 87' lang='lat' dir='ltr'>ita</span> <span class='ocrx_word' id='word_1_169' title='bbox 899 2408 1073 2486; x_wconf 89' lang='lat' dir='ltr'>conveniat,</span> <span class='ocrx_word' id='word_1_170' title='bbox 1101 2424 1136 2472; x_wconf 92' lang='lat' dir='ltr'>ut</span> <span class='ocrx_word' id='word_1_171' title='bbox 1161 2408 1212 2472; x_wconf 86' lang='lat' dir='ltr'>alii</span> <span class='ocrx_word' id='word_1_172' title='bbox 1235 2430 1299 2473; x_wconf 90' lang='lat' dir='ltr'>uon</span> 
     </span>
     <span class='ocr_line' id='line_1_22' title="bbox 208 2507 1301 2597; baseline 0 -24"><span class='ocrx_word' id='word_1_173' title='bbox 208 2531 297 2596; x_wconf 75' lang='lat' dir='ltr'>equo</span> <span class='ocrx_word' id='word_1_174' title='bbox 305 2512 380 2597; x_wconf 88' lang='lat' dir='ltr'>jure</span> <span class='ocrx_word' id='word_1_175' title='bbox 401 2509 495 2574; x_wconf 88' lang='lat' dir='ltr'>tribui</span> <span class='ocrx_word' id='word_1_176' title='bbox 519 2509 623 2595; x_wconf 83' lang='lat' dir='ltr'>possit.</span> <span class='ocrx_word' id='word_1_177' title='bbox 647 2507 811 2589; x_wconf 82' lang='grc' dir='ltr'>δξόπροροι</span> <span class='ocrx_word' id='word_1_178' title='bbox 825 2510 939 2591; x_wconf 81' lang='grc' dir='ltr'>αἰχμαί,</span> <span class='ocrx_word' id='word_1_179' title='bbox 954 2518 1056 2573; x_wconf 80' lang='lat' dir='ltr'>ucutae</span> <span class='ocrx_word' id='word_1_180' title='bbox 1076 2510 1205 2573; x_wconf 79' lang='lat' dir='ltr'>lanceoe.</span> <span class='ocrx_word' id='word_1_181' title='bbox 1228 2507 1301 2591; x_wconf 85' lang='grc' dir='ltr'>βρέ-</span> 
     </span>
     <span class='ocr_line' id='line_1_23' title="bbox 207 2609 1300 2696; baseline 0.002 -23"><span class='ocrx_word' id='word_1_182' title='bbox 207 2632 272 2687; x_wconf 85' lang='grc' dir='ltr'>μειν</span> <span class='ocrx_word' id='word_1_183' title='bbox 285 2614 406 2693; x_wconf 79' lang='grc' dir='ltr'>αἰχμαῖς</span> <span class='ocrx_word' id='word_1_184' title='bbox 419 2612 536 2674; x_wconf 81' lang='lat' dir='ltr'>lanccs&#39;s</span> <span class='ocrx_word' id='word_1_185' title='bbox 549 2611 697 2681; x_wconf 72' lang='grc' dir='ltr'>ἰιοννοντς</span> <span class='ocrx_word' id='word_1_186' title='bbox 722 2624 758 2673; x_wconf 84' lang='grc'>111</span> <span class='ocrx_word' id='word_1_187' title='bbox 768 2632 818 2694; x_wconf 91' lang='lat' dir='ltr'>ap.</span> <span class='ocrx_word' id='word_1_188' title='bbox 835 2609 948 2696; x_wconf 88' lang='lat' dir='ltr'>Eurip.</span> <span class='ocrx_word' id='word_1_189' title='bbox 967 2611 1080 2674; x_wconf 87' lang='lat' dir='ltr'>Phoen.</span> <span class='ocrx_word' id='word_1_190' title='bbox 1101 2630 1172 2695; x_wconf 81' lang='lat'>113.</span> <span class='ocrx_word' id='word_1_191' title='bbox 1187 2613 1300 2693; x_wconf 81' lang='grc' dir='ltr'>μυρίοις</span> 
     </span>
     <span class='ocr_line' id='line_1_24' title="bbox 209 2709 581 2792; baseline 0 -19"><span class='ocrx_word' id='word_1_192' title='bbox 209 2711 309 2779; x_wconf 79' lang='grc' dir='ltr'>ὅπλοις</span> <span class='ocrx_word' id='word_1_193' title='bbox 321 2709 455 2792; x_wconf 80' lang='grc' dir='ltr'>βρέμων.</span> <span class='ocrx_word' id='word_1_194' title='bbox 480 2713 581 2776; x_wconf 90' lang='lat' dir='ltr'>SCH.</span> 
     </span>
    </p>

    <p class='ocr_par' dir='ltr' id='par_1_5' title="bbox 248 2809 739 2896">
     <span class='ocr_line' id='line_1_25' title="bbox 248 2809 739 2896; baseline 0.002 -23"><span class='ocrx_word' id='word_1_195' title='bbox 248 2829 322 2889; x_wconf 87' lang='lat'>422.</span> <span class='ocrx_word' id='word_1_196' title='bbox 338 2809 491 2896; x_wconf 86' lang='grc' dir='ltr'>νέμονται]</span> <span class='ocrx_word' id='word_1_197' title='bbox 508 2811 630 2891; x_wconf 90' lang='grc' dir='ltr'>νέμουσι</span> <span class='ocrx_word' id='word_1_198' title='bbox 645 2812 739 2874; x_wconf 89' lang='lat' dir='ltr'>M.N.</span> 
     </span>
    </p>

    <p class='ocr_par' dir='ltr' id='par_1_6' title="bbox 212 2911 1303 3099">
     <span class='ocr_line' id='line_1_26' title="bbox 250 2911 1303 3000; baseline 0.001 -24"><span class='ocrx_word' id='word_1_199' title='bbox 250 2929 324 2990; x_wconf 89' lang='lat'>424.</span> <span class='ocrx_word' id='word_1_200' title='bbox 360 2911 566 2998; x_wconf 71' lang='grc' dir='ltr'>όξυπρόραισι]</span> <span class='ocrx_word' id='word_1_201' title='bbox 595 2912 700 2998; x_wconf 85' lang='lat' dir='ltr'>Vulgo</span> <span class='ocrx_word' id='word_1_202' title='bbox 728 2912 793 2976; x_wconf 87' lang='lat' dir='ltr'>sine</span> <span class='ocrx_word' id='word_1_203' title='bbox 818 2912 881 2977; x_wconf 85' lang='lat' dir='ltr'>iota</span> <span class='ocrx_word' id='word_1_204' title='bbox 905 2914 1090 3000; x_wconf 86' lang='lat' dir='ltr'>subscripto.</span> <span class='ocrx_word' id='word_1_205' title='bbox 1125 2918 1303 2997; x_wconf 72' lang='grc' dir='ltr'>όξιυεόροισι</span> 
     </span>
     <span class='ocr_line' id='line_1_27' title="bbox 212 3008 626 3099; baseline 0.014 -27"><span class='ocrx_word' id='word_1_206' title='bbox 212 3008 284 3073; x_wconf 79' lang='lat' dir='ltr'>Ald.</span> <span class='ocrx_word' id='word_1_207' title='bbox 306 3014 477 3094; x_wconf 72' lang='grc' dir='ltr'>όξιοεόροισι</span> <span class='ocrx_word' id='word_1_208' title='bbox 493 3014 579 3099; x_wconf 79' lang='lat' dir='ltr'>LipS.</span> <span class='ocrx_word' id='word_1_209' title='bbox 618 3035 626 3054; x_wconf 81' lang='lat'><strong><em>‘</em></strong></span> 
     </span>
    </p>

    <p class='ocr_par' dir='ltr' id='par_1_7' title="bbox 211 3115 1286 3403">
     <span class='ocr_line' id='line_1_28' title="bbox 251 3115 1285 3204; baseline 0.008 -30"><span class='ocrx_word' id='word_1_210' title='bbox 251 3127 432 3197; x_wconf 79' lang='lat'>425—435.</span> <span class='ocrx_word' id='word_1_211' title='bbox 448 3115 553 3200; x_wconf 87' lang='lat' dir='ltr'>Epodi</span> <span class='ocrx_word' id='word_1_212' title='bbox 569 3116 664 3202; x_wconf 87' lang='lat' dir='ltr'>hujus</span> <span class='ocrx_word' id='word_1_213' title='bbox 676 3131 774 3179; x_wconf 90' lang='lat' dir='ltr'>metra</span> <span class='ocrx_word' id='word_1_214' title='bbox 788 3115 884 3202; x_wconf 86' lang='lat' dir='ltr'>vulgo</span> <span class='ocrx_word' id='word_1_215' title='bbox 895 3116 938 3179; x_wconf 89' lang='lat' dir='ltr'>sic</span> <span class='ocrx_word' id='word_1_216' title='bbox 948 3116 1114 3202; x_wconf 87' lang='lat' dir='ltr'>descripta,</span> <span class='ocrx_word' id='word_1_217' title='bbox 1125 3121 1261 3197; x_wconf 86' lang='grc' dir='ltr'>μόνον-</span> <span class='ocrx_word' id='word_1_218' title='bbox 1279 3117 1285 3204; x_wconf 93' lang='grc' dir='ltr'>Ι</span> 
     </span>
     <span class='ocr_line' id='line_1_29' title="bbox 212 3211 1286 3302; baseline 0.007 -27"><span class='ocrx_word' id='word_1_219' title='bbox 212 3211 378 3290; x_wconf 83' lang='grc' dir='ltr'>δομέντ’-</span> <span class='ocrx_word' id='word_1_220' title='bbox 395 3213 402 3297; x_wconf 91' lang='grc' dir='ltr'>Ι</span> <span class='ocrx_word' id='word_1_221' title='bbox 420 3218 586 3278; x_wconf 77' lang='grc' dir='ltr'>Τιτᾶνα-</span> <span class='ocrx_word' id='word_1_222' title='bbox 604 3216 772 3300; x_wconf 72' lang='grc' dir='ltr'>ΙἈτλανθ</span> <span class='ocrx_word' id='word_1_223' title='bbox 783 3252 827 3263; x_wconf 91' lang='grc'><strong>-</strong></span> <span class='ocrx_word' id='word_1_224' title='bbox 845 3214 851 3301; x_wconf 93' lang='grc' dir='ltr'>Ι</span> <span class='ocrx_word' id='word_1_225' title='bbox 871 3217 1061 3297; x_wconf 81' lang='grc' dir='ltr'>κραταιὸν-</span> <span class='ocrx_word' id='word_1_226' title='bbox 1080 3217 1085 3302; x_wconf 95' lang='grc' dir='ltr'>Ι</span> <span class='ocrx_word' id='word_1_227' title='bbox 1105 3220 1207 3284; x_wconf 80' lang='grc' dir='ltr'>νότοις</span> <span class='ocrx_word' id='word_1_228' title='bbox 1218 3256 1261 3266; x_wconf 92' lang='grc'>-</span> <span class='ocrx_word' id='word_1_229' title='bbox 1280 3218 1286 3302; x_wconf 94' lang='grc' dir='ltr'>Ι</span> 
     </span>
     <span class='ocr_line' id='line_1_30' title="bbox 211 3314 1035 3403; baseline 0.004 -27"><span class='ocrx_word' id='word_1_230' title='bbox 211 3317 417 3390; x_wconf 73' lang='grc' dir='ltr'>ξυμπιτυῶν-</span> <span class='ocrx_word' id='word_1_231' title='bbox 436 3314 441 3399; x_wconf 95' lang='grc' dir='ltr'>Ι</span> <span class='ocrx_word' id='word_1_232' title='bbox 460 3317 640 3383; x_wconf 85' lang='grc' dir='ltr'>κελοινὸς-</span> <span class='ocrx_word' id='word_1_233' title='bbox 658 3317 663 3403; x_wconf 95' lang='grc' dir='ltr'>Ι</span> <span class='ocrx_word' id='word_1_234' title='bbox 682 3323 779 3399; x_wconf 70' lang='lat' dir='ltr'>ybs-</span> <span class='ocrx_word' id='word_1_235' title='bbox 799 3315 804 3401; x_wconf 94' lang='grc' dir='ltr'>Ι</span> <span class='ocrx_word' id='word_1_236' title='bbox 824 3316 1035 3380; x_wconf 87' lang='grc' dir='ltr'>στένουσιυ-.</span> 
     </span>
    </p>

    <p class='ocr_par' dir='ltr' id='par_1_8' title="bbox 254 3414 989 3499">
     <span class='ocr_line' id='line_1_31' title="bbox 254 3414 989 3499; baseline 0 -23"><span class='ocrx_word' id='word_1_237' title='bbox 254 3432 325 3498; x_wconf 78' lang='grc'><strong>425.</strong></span> <span class='ocrx_word' id='word_1_238' title='bbox 340 3414 490 3499; x_wconf 76' lang='grc' dir='ltr'>πρόσθεν]</span> <span class='ocrx_word' id='word_1_239' title='bbox 505 3419 637 3496; x_wconf 81' lang='grc' dir='ltr'>πρόσθεν</span> <span class='ocrx_word' id='word_1_240' title='bbox 652 3443 708 3480; x_wconf 93' lang='grc' dir='ltr'>σου</span> <span class='ocrx_word' id='word_1_241' title='bbox 723 3417 851 3479; x_wconf 88' lang='lat' dir='ltr'>Barooc.</span> <span class='ocrx_word' id='word_1_242' title='bbox 866 3430 897 3478; x_wconf 91' lang='lat' dir='ltr'>et</span> <span class='ocrx_word' id='word_1_243' title='bbox 913 3415 989 3478; x_wconf 90' lang='lat' dir='ltr'>Ald.</span> 
     </span>
    </p>

    <p class='ocr_par' dir='ltr' id='par_1_9' title="bbox 254 3514 863 3602">
     <span class='ocr_line' id='line_1_32' title="bbox 254 3514 863 3602; baseline 0.002 -24"><span class='ocrx_word' id='word_1_244' title='bbox 254 3514 366 3600; x_wconf 83' lang='grc' dir='ltr'>δλλον]</span> <span class='ocrx_word' id='word_1_245' title='bbox 383 3517 487 3579; x_wconf 74' lang='grc' dir='ltr'>ἄλλων</span> <span class='ocrx_word' id='word_1_246' title='bbox 500 3515 619 3602; x_wconf 88' lang='lat' dir='ltr'>aliquot</span> <span class='ocrx_word' id='word_1_247' title='bbox 632 3517 724 3581; x_wconf 90' lang='lat' dir='ltr'>codd.</span> <span class='ocrx_word' id='word_1_248' title='bbox 739 3533 771 3581; x_wconf 86' lang='lat' dir='ltr'>et</span> <span class='ocrx_word' id='word_1_249' title='bbox 786 3516 863 3580; x_wconf 88' lang='lat' dir='ltr'>Ald.</span> 
     </span>
    </p>

    <p class='ocr_par' dir='ltr' id='par_1_10' title="bbox 254 3616 1305 3700">
     <span class='ocr_line' id='line_1_33' title="bbox 254 3616 1305 3700; baseline 0.006 -24"><span class='ocrx_word' id='word_1_250' title='bbox 254 3617 326 3692; x_wconf 87' lang='lat'>426.</span> <span class='ocrx_word' id='word_1_251' title='bbox 349 3616 608 3700; x_wconf 80' lang='grc' dir='ltr'>δκαμαντοδέτοις]</span> <span class='ocrx_word' id='word_1_252' title='bbox 635 3617 839 3681; x_wconf 87' lang='lat' dir='ltr'>Scribendum</span> <span class='ocrx_word' id='word_1_253' title='bbox 861 3617 1106 3695; x_wconf 67' lang='grc' dir='ltr'>ἀδαμαντοδέτοις</span> <span class='ocrx_word' id='word_1_254' title='bbox 1120 3642 1158 3682; x_wconf 84' lang='lat' dir='ltr'>ex</span> <span class='ocrx_word' id='word_1_255' title='bbox 1176 3619 1215 3681; x_wconf 92' lang='lat' dir='ltr'>N.</span> <span class='ocrx_word' id='word_1_256' title='bbox 1255 3618 1305 3682; x_wconf 85' lang='lat' dir='ltr'>sic</span> 
     </span>
    </p>
   </div>
   <div class='ocr_carea' id='block_1_4' title="bbox 213 3714 848 3797">
    <p class='ocr_par' dir='ltr' id='par_1_11' title="bbox 213 3714 848 3797">
     <span class='ocr_line' id='line_1_34' title="bbox 213 3714 848 3797; baseline 0.009 -23"><span class='ocrx_word' id='word_1_257' title='bbox 213 3735 243 3774; x_wconf 79' lang='lat' dir='ltr'>v.</span> <span class='ocrx_word' id='word_1_258' title='bbox 262 3717 331 3796; x_wconf 85' lang='lat'>148.</span> <span class='ocrx_word' id='word_1_259' title='bbox 346 3714 444 3779; x_wconf 84' lang='grc' dir='ltr'>ταῖσδ’</span> <span class='ocrx_word' id='word_1_260' title='bbox 461 3718 721 3796; x_wconf 77' lang='grc' dir='ltr'>ἀδαμαντοδέτοισι</span> <span class='ocrx_word' id='word_1_261' title='bbox 735 3719 848 3797; x_wconf 81' lang='grc' dir='ltr'>λύμαις.</span> 
     </span>
    </p>
   </div>
   <div class='ocr_carea' id='block_1_5' title="bbox 212 3817 1309 4305">
    <p class='ocr_par' dir='ltr' id='par_1_12' title="bbox 254 3817 871 3899">
     <span class='ocr_line' id='line_1_35' title="bbox 254 3817 871 3899; baseline 0.003 -20"><span class='ocrx_word' id='word_1_262' title='bbox 254 3818 326 3893; x_wconf 89' lang='lat'>428.</span> <span class='ocrx_word' id='word_1_263' title='bbox 343 3817 512 3899; x_wconf 79' lang='grc' dir='ltr'>εἰσιδόμαν]</span> <span class='ocrx_word' id='word_1_264' title='bbox 531 3820 680 3897; x_wconf 68' lang='grc' dir='ltr'>εἰσιδόμαν</span> <span class='ocrx_word' id='word_1_265' title='bbox 696 3817 771 3880; x_wconf 80' lang='lat' dir='ltr'>Ald.</span> <span class='ocrx_word' id='word_1_266' title='bbox 789 3819 871 3881; x_wconf 88' lang='lat' dir='ltr'>Rob.</span> 
     </span>
    </p>

    <p class='ocr_par' dir='ltr' id='par_1_13' title="bbox 252 3914 600 3980">
     <span class='ocr_line' id='line_1_36' title="bbox 252 3914 600 3980; baseline 0.009 -3"><span class='ocrx_word' id='word_1_267' title='bbox 252 3917 321 3979; x_wconf 80' lang='grc' dir='ltr'>θεὸν</span> <span class='ocrx_word' id='word_1_268' title='bbox 336 3916 376 3978; x_wconf 95' lang='lat' dir='ltr'>L.</span> <span class='ocrx_word' id='word_1_269' title='bbox 394 3914 502 3978; x_wconf 88' lang='lat' dir='ltr'>Guelf.</span> <span class='ocrx_word' id='word_1_270' title='bbox 519 3917 600 3980; x_wconf 85' lang='lat' dir='ltr'>Rob.</span> 
     </span>
    </p>

    <p class='ocr_par' dir='ltr' id='par_1_14' title="bbox 212 4016 1309 4305">
     <span class='ocr_line' id='line_1_37' title="bbox 251 4016 1308 4103; baseline 0.001 -24"><span class='ocrx_word' id='word_1_271' title='bbox 251 4016 383 4103; x_wconf 82' lang='grc' dir='ltr'>ἈτλανΙ</span> <span class='ocrx_word' id='word_1_272' title='bbox 409 4017 588 4101; x_wconf 89' lang='lat' dir='ltr'>Legebatur</span> <span class='ocrx_word' id='word_1_273' title='bbox 606 4017 760 4094; x_wconf 77' lang='grc' dir='ltr'>Ἀτλαυθ,</span> <span class='ocrx_word' id='word_1_274' title='bbox 783 4017 984 4103; x_wconf 90' lang='lat' dir='ltr'>ponderosior</span> <span class='ocrx_word' id='word_1_275' title='bbox 1001 4038 1095 4101; x_wconf 90' lang='lat' dir='ltr'>quam</span> <span class='ocrx_word' id='word_1_276' title='bbox 1118 4039 1191 4102; x_wconf 82' lang='lat' dir='ltr'>quae</span> <span class='ocrx_word' id='word_1_277' title='bbox 1213 4016 1308 4103; x_wconf 87' lang='lat' dir='ltr'>hujus</span> 
     </span>
     <span class='ocr_line' id='line_1_38' title="bbox 212 4115 1306 4202; baseline 0.005 -25"><span class='ocrx_word' id='word_1_278' title='bbox 212 4139 318 4180; x_wconf 86' lang='lat' dir='ltr'>versus</span> <span class='ocrx_word' id='word_1_279' title='bbox 331 4117 385 4181; x_wconf 86' lang='lat' dir='ltr'>fini</span> <span class='ocrx_word' id='word_1_280' title='bbox 399 4132 475 4202; x_wconf 88' lang='lat' dir='ltr'>apta</span> <span class='ocrx_word' id='word_1_281' title='bbox 489 4117 630 4182; x_wconf 87' lang='lat' dir='ltr'>videatur</span> <span class='ocrx_word' id='word_1_282' title='bbox 652 4120 762 4182; x_wconf 79' lang='lat' dir='ltr'>forma.</span> <span class='ocrx_word' id='word_1_283' title='bbox 808 4116 1017 4195; x_wconf 83' lang='lat' dir='ltr'>Quamobrem</span> <span class='ocrx_word' id='word_1_284' title='bbox 1041 4116 1161 4179; x_wconf 87' lang='lat' dir='ltr'>restitui</span> <span class='ocrx_word' id='word_1_285' title='bbox 1178 4115 1306 4196; x_wconf 83' lang='grc' dir='ltr'>Ἀτλαυ,</span> 
     </span>
     <span class='ocr_line' id='line_1_39' title="bbox 212 4214 1309 4305; baseline 0.004 -27"><span class='ocrx_word' id='word_1_286' title='bbox 212 4214 331 4303; x_wconf 88' lang='lat' dir='ltr'>dequo</span> <span class='ocrx_word' id='word_1_287' title='bbox 345 4215 510 4280; x_wconf 84' lang='lat' dir='ltr'>scholiasta</span> <span class='ocrx_word' id='word_1_288' title='bbox 523 4240 648 4305; x_wconf 90' lang='lat' dir='ltr'>quoque</span> <span class='ocrx_word' id='word_1_289' title='bbox 669 4219 826 4304; x_wconf 88' lang='lat' dir='ltr'>cogitavit,</span> <span class='ocrx_word' id='word_1_290' title='bbox 843 4218 949 4302; x_wconf 87' lang='lat' dir='ltr'>inepta</span> <span class='ocrx_word' id='word_1_291' title='bbox 964 4230 1067 4281; x_wconf 90' lang='lat' dir='ltr'>tamen</span> <span class='ocrx_word' id='word_1_292' title='bbox 1084 4217 1136 4281; x_wconf 86' lang='lat' dir='ltr'>ille</span> <span class='ocrx_word' id='word_1_293' title='bbox 1156 4217 1198 4281; x_wconf 91' lang='lat' dir='ltr'>de</span> <span class='ocrx_word' id='word_1_294' title='bbox 1219 4217 1309 4282; x_wconf 85' lang='lat' dir='ltr'>litera</span> 
     </span>
    </p>
   </div>
   <div class='ocr_carea' id='block_1_6' title="bbox 212 4314 1310 4495">
    <p class='ocr_par' dir='ltr' id='par_1_15' title="bbox 212 4314 1310 4495">
     <span class='ocr_line' id='line_1_40' title="bbox 212 4314 1307 4405; baseline 0.003 -26"><span class='ocrx_word' id='word_1_295' title='bbox 212 4315 240 4379; x_wconf 84' lang='grc' dir='ltr'>θ</span> <span class='ocrx_word' id='word_1_296' title='bbox 254 4317 498 4394; x_wconf 87' lang='lat' dir='ltr'>comminiscens,</span> <span class='ocrx_word' id='word_1_297' title='bbox 512 4341 583 4402; x_wconf 86' lang='lat' dir='ltr'>quae</span> <span class='ocrx_word' id='word_1_298' title='bbox 605 4341 666 4383; x_wconf 90' lang='lat' dir='ltr'>non</span> <span class='ocrx_word' id='word_1_299' title='bbox 682 4342 741 4405; x_wconf 92' lang='lat' dir='ltr'>pro</span> <span class='ocrx_word' id='word_1_300' title='bbox 759 4345 791 4383; x_wconf 89' lang='grc' dir='ltr'>τε</span> <span class='ocrx_word' id='word_1_301' title='bbox 811 4314 1000 4403; x_wconf 88' lang='lat' dir='ltr'>accipienda,</span> <span class='ocrx_word' id='word_1_302' title='bbox 1017 4317 1070 4380; x_wconf 87' lang='lat' dir='ltr'>sed</span> <span class='ocrx_word' id='word_1_303' title='bbox 1085 4317 1218 4382; x_wconf 90' lang='lat' dir='ltr'>delenda</span> <span class='ocrx_word' id='word_1_304' title='bbox 1232 4338 1307 4384; x_wconf 83' lang='lat' dir='ltr'>erat.</span> 
     </span>
     <span class='ocr_line' id='line_1_41' title="bbox 216 4413 1310 4495; baseline 0.003 -16"><span class='ocrx_word' id='word_1_305' title='bbox 216 4414 330 4479; x_wconf 86' lang='lat' dir='ltr'>Scribit</span> <span class='ocrx_word' id='word_1_306' title='bbox 350 4430 455 4478; x_wconf 86' lang='lat' dir='ltr'>autem</span> <span class='ocrx_word' id='word_1_307' title='bbox 479 4413 533 4490; x_wconf 87' lang='lat' dir='ltr'>ita,</span> <span class='ocrx_word' id='word_1_308' title='bbox 547 4417 582 4478; x_wconf 81' lang='grc' dir='ltr'>οδ</span> <span class='ocrx_word' id='word_1_309' title='bbox 595 4420 688 4495; x_wconf 85' lang='grc' dir='ltr'>μόνον</span> <span class='ocrx_word' id='word_1_310' title='bbox 705 4417 820 4484; x_wconf 69' lang='lat' dir='ltr'>&#39;Arbae</span> <span class='ocrx_word' id='word_1_311' title='bbox 836 4416 1014 4486; x_wconf 73' lang='grc' dir='ltr'>Ἄτλαντος,</span> <span class='ocrx_word' id='word_1_312' title='bbox 1031 4417 1112 4479; x_wconf 78' lang='grc' dir='ltr'>ἀλλὰ</span> <span class='ocrx_word' id='word_1_313' title='bbox 1131 4418 1180 4480; x_wconf 78' lang='grc' dir='ltr'>καί</span> <span class='ocrx_word' id='word_1_314' title='bbox 1195 4415 1310 4482; x_wconf 69' lang='lat' dir='ltr'>&#39;Arnas</span> 
     </span>
    </p>
   </div>
   <div class='ocr_carea' id='block_1_7' title="bbox 0 0 1525 5062">
    <p class='ocr_par' dir='ltr' id='par_1_16' title="bbox 0 0 1525 5062">
     <span class='ocr_line' id='line_1_42' title="bbox 0 0 1525 5062; baseline 0 0"><span class='ocrx_word' id='word_1_315' title='bbox 0 0 1525 5062; x_wconf 95' lang='lat' dir='ltr'> </span> 
     </span>
    </p>
   </div>
  </div>
 </body>
</html>
