2978 5062
189 330 232 390 50
552 329 929 393 ANNOTATIONES

235 493 309 574 248.
333 493 360 577 γ’
376 517 413 557 ex
437 494 557 580 aliquot
578 495 669 558 codd.
685 496 841 572 additum,
857 495 937 559 inter
952 517 1032 580 quos
1055 497 1104 558 M.
1118 517 1185 558 esse
1202 494 1288 560 vide·

191 612 255 660 tur.
276 595 301 658 τ’
318 597 427 683 Steph.

235 715 308 783 250.
327 698 489 784 κατῴκισα]
508 702 677 765 κατοικίσας
692 699 861 786 Nicepbor.
876 698 916 762 ad
934 701 1043 785 Synes.
1059 721 1090 785 p.
1103 699 1178 772 406.

235 803 308 884 258.
325 801 411 885 ὅταν]
430 799 471 863 ὅτ’
489 801 527 864 ἄν
541 803 593 864 Μ.

236 905 307 969 262.
332 903 448 989 ἄθλων]
471 904 565 967 ἄθλου
588 905 728 968 Α.Β.Μ.
750 903 865 990 aliique
887 901 987 966 multi.
1023 902 1125 966 ἄθλων
1148 905 1201 986 (ex
1225 924 1291 988 quo

190 1005 286 1069 ἄθλον
299 1020 482 1091 corruptum
497 1004 528 1068 in
545 1004 637 1087 Ald.)
654 1027 725 1068 cnm
742 1004 809 1068 aliis
824 1005 909 1069 Rob.
926 1007 1028 1068 Turn.
1064 1003 1153 1067 Infra
1167 1027 1198 1068 v.
1215 1020 1288 1088 752.

189 1107 209 1188 τ]
231 1112 381 1173 δυσπετῶς
403 1107 440 1171 ἂν
460 1108 527 1175 τοὺς
552 1108 640 1187 ἐμοὺς
665 1109 776 1176 ἄθλους
801 1107 914 1190 φέροις.
954 1107 1070 1171 Ἀθλον
1095 1130 1133 1172 ex
1160 1130 1193 1170 v.
1214 1122 1287 1192 257.

189 1209 309 1274 illatum
326 1232 391 1273 esse
406 1209 581 1296 suspicatur
596 1209 774 1274 Elrnsleius.

235 1314 307 1395 263.
325 1310 476 1396 ἐλαφρὸν]
495 1310 665 1396 Phrynich.
681 1311 712 1374 iu
729 1311 830 1375 Bekk.
849 1310 972 1376 Anecd.
983 1333 1016 1397 p.
1033 1311 1089 1396 38,
1106 1326 1136 1392 7.
1153 1310 1290 1392 ἐλαφρὸν

189 1419 345 1494 παραινεῖν
366 1417 405 1498 τῷ
429 1419 521 1478 κακῶς
542 1413 716 1494 πεπραγότι.
745 1412 882 1494 ε’λαφρδν
900 1414 1038 1491 σημαίνει
1058 1412 1092 1476 τδ
1114 1411 1218 1496 ῥᾴδιον
1241 1414 1290 1476 καὶ

191 1521 315 1596 κοῦφον.
330 1515 459 1579 Terent.
468 1514 571 1578 Andr.
582 1533 610 1592 2,
620 1535 648 1591 1,
658 1516 937 1579 11.Facileomne.r
947 1538 1043 1603 quum
1053 1514 1193 1579 valemus
1203 1524 1290 1579 recta

189 1618 321 1681 consilia
336 1619 467 1705 oegrotis
481 1618 603 1681 domus.
648 1616 741 1695 Quod
757 1641 795 1680 ex
813 1616 982 1680 Menandri
1000 1640 1090 1680 versu
1106 1639 1288 1703 expressum

190 1717 285 1782 fuisse
308 1733 396 1782 notat
418 1720 567 1784 Muretus
590 1720 630 1782 V.
653 1721 694 1783 L.
717 1740 745 1796 1,
766 1740 797 1804 9.
819 1718 922 1802 ’Ύγιὴς
945 1724 1092 1783 νοσοῦντα
1112 1721 1211 1802 ῥᾷστα
1232 1723 1291 1786 πᾶς

190 1846 233 1888 τις
248 1827 391 1885 νουθετεῖ.
415 1822 589 1885 BLOMF.
628 1822 732 1886 Verba
753 1844 771 1884 a
795 1821 977 1908 Phrynicho
991 1821 1085 1885 allata
1100 1821 1209 1885 comici
1231 1820 1289 1884 ali·

190 1925 282 2010 cujus
296 1923 435 1988 senarius
449 1947 515 1988 esse
530 1924 687 1988 videntur.

235 2029 308 2105 264.
331 2026 384 2089 τὸν
399 2032 491 2093 κακῶς
510 2025 671 2108 πράσσοντ’
689 2025 857 2090 Stanleius.
896 2025 985 2090 Libri
1001 2026 1070 2093 τοὺς
1085 2033 1178 2094 κακῶς
1191 2025 1287 2107 πρᾶσ-

190 2152 310 2194 σοντας.
355 2127 513 2191 Pluralem
529 2127 560 2191 in
577 2127 734 2191 sententiis
754 2126 953 2213 generalibus
966 2127 1114 2214 singulari
1131 2127 1288 2192 interdum

191 2229 419 2293 substituerunt
434 2229 561 2295 librarii.
584 2229 635 2294 Sic
650 2232 788 2294 Eumen.
800 2250 876 2315 313.
893 2231 961 2296 τοὺς
974 2233 1031 2310 μὲν
1042 2234 1172 2312 καθαρὰς
1186 2237 1290 2314 χεῖρας

105 2336 109 2347 “
189 2328 414 2413 προσνέμοντας
427 2330 459 2394 in
474 2331 561 2396 libris
575 2330 689 2417 legitur
705 2353 762 2418 pro
775 2331 829 2395 τδν
842 2334 900 2410 μὲν
915 2334 1043 2413 καθαρὰς
1063 2337 1165 2413 χεῖρας
1183 2327 1290 2411 προνέ-

189 2459 284 2513 μοντ.

236 2538 307 2617 267.
323 2535 347 2599 δ’
363 2558 425 2599 orn.
442 2536 491 2599 M.
509 2536 594 2600 Rob.

234 2637 376 2724 εὑρόμην]
393 2637 598 2701 Scribendum
614 2640 745 2719 ηὑρόμην
758 2661 797 2701 ex
815 2637 965 2701 Cantabr.
981 2635 1131 2699 secundo.

235 2740 307 2804 268.
332 2741 367 2802 orl
388 2740 446 2818 μήν
467 2739 510 2825 τι]
535 2739 669 2804 Codices
690 2739 829 2804 nonnulli
846 2740 880 2804 οὐ
894 2738 951 2819 μέν
966 2763 1012 2802 τοι
1035 2753 1071 2802 ut
1085 2735 1174 2810 Ald„
1191 2737 1240 2799 vel
1255 2736 1290 2799 orl

190 2837 247 2918 μίν
260 2865 288 2903 τι
303 2855 339 2903 ιιι
351 2840 468 2917 Turn,
484 2840 536 2903 alii
551 2841 585 2905 οὐ
599 2841 658 2922 μήν
673 2867 729 2921 τοι,
744 2843 779 2905 οὐ
792 2842 851 2922 μήν
865 2867 910 2923 γε.

234 2941 261 3025 γ’
277 2965 339 3006 orn.
356 2942 476 3029 aliquot
490 2942 582 3006 codd.
599 2957 630 3006 st
646 2943 722 3012 Ald.
741 2943 824 3007 Rob.
842 2945 944 3006 Turn.

176 3050 179 3055 ’
233 3046 356 3129 τοίοισι]
383 3045 481 3108 Haud
505 3044 595 3108 facile
616 3045 798 3110 crediderim
823 3045 975 3132 tragicum
998 3046 1109 3108 τοίοισι
1130 3042 1290 3107 dicturum

190 3147 295 3221 fuisse,
311 3169 409 3232 quum
426 3146 533 3210 eadem
549 3169 643 3233 opera
657 3147 789 3211 scribere
812 3160 915 3234 posset
929 3151 1073 3210 τοιαῖσδε.
1112 3147 1163 3210 De
1177 3167 1243 3231 qna
1257 3167 1291 3207 re

192 3248 282 3335 plura
296 3272 325 3314 v.
337 3249 377 3313 ad
394 3272 422 3310 v.
439 3249 511 3334 908.
535 3249 651 3313 ELM.

235 3354 306 3437 269.
321 3357 585 3434 κατισχνανεῖσθαι
601 3353 642 3414 D.
676 3352 781 3437 Vulgo
795 3354 1051 3433 κατισχανεΐσθαι.

233 3454 418 3542 πεδαρσίοις]
443 3454 590 3541 Toupius
612 3454 643 3518 in
668 3453 797 3518 Suidam
812 3474 844 3538 3.
866 3478 901 3541 p.
919 3454 968 3517 88.
991 3476 1052 3517 non
1078 3454 1158 3517 male
1179 3451 1288 3534 πεδάρ-

191 3581 267 3619 σιαν.
292 3556 468 3619 BLOMF.

236 3672 308 3738 271.
325 3657 376 3718 κοί
386 3657 451 3740 μοι]
470 3660 564 3721 καίτοι
581 3658 664 3721 Rob.
680 3672 712 3721 et
727 3679 836 3742 margo
851 3678 908 3718 rns.
922 3679 973 3742 ap.
992 3653 1118 3718 Morell.

232 3758 273 3838 μὴ
287 3755 404 3839 δύρεσθ’
421 3757 470 3822 M.
495 3757 600 3844 Vulgo
613 3760 653 3839 μὴ
667 3757 805 3839 δύρεσθ’.
844 3757 934 3822 Libri
956 3756 1077 3844 aliquot
1096 3757 1137 3836 μὴ
1154 3756 1290 3838 όδθρεσθ

191 3859 240 3923 vel
254 3861 422 3941 ρόδόρεσθ.

236 3981 307 4044 272.
337 3962 436 4047 πέδοι]
471 3962 672 4026 Scribebatur
700 3967 794 4036 πεδοῖ,
825 3961 1036 4026 consentiente
1059 3958 1228 4024 Eustatbio
1258 3982 1291 4046 p.

194 4063 288 4147 1839,
302 4080 355 4147 57.
370 4064 457 4150 quod
475 4063 594 4129 correxi
612 4087 652 4128 ex
667 4066 785 4128 Joann.
803 4063 896 4128 Alex.
913 4089 976 4128 τον.
992 4088 1127 4144 παραγγ.
1142 4084 1174 4147 p.
1191 4063 1247 4145 36,
1261 4061 1291 4139 8,

191 4171 229 4233 τδ
250 4167 309 4231 ἀπὸ
330 4171 505 4248 βαρυτόνων
525 4169 697 4250 βαρύνεται,
722 4169 777 4246 ἔξω
798 4168 869 4246 ἕξοι,
891 4165 983 4231 πέδον
1004 4164 1097 4230 πέδοι.
1121 4163 1239 4229 “ribot
1259 4168 1292 4228 δὲ

190 4270 304 4350 βᾶσαι”
319 4271 473 4352 Αίσχόλος
487 4276 642 4351 Προμηθεῖ
660 4272 804 4356 δεσμώτῃ.
851 4270 940 4333 Idem
964 4268 1107 4355 praecipit
1129 4266 1293 4331 scholiasta

191 4370 334 4458 Dionysii
353 4372 432 4433 Thr.
449 4372 480 4434 in
498 4370 599 4434 Bekk.
618 4371 738 4435 Anecd.
756 4394 787 4456 p.
804 4389 881 4455 945,
899 4389 926 4433 2.
