2978 5062
263 325 327 389 140
625 322 1004 388 ANNOTATIONES

309 507 379 569 104.
402 490 536 572 πάταγος
552 491 601 556 Μ.
616 487 740 575 aliique.
777 485 844 552 Alii
866 487 1000 568 πάταγος
1021 484 1059 566 δ’,
1075 485 1168 573 pauci
1187 485 1325 568 πάταγον
1338 483 1365 550 δ’

263 612 336 656 cum
350 591 429 656 Ald.
445 594 550 657 Tum.
571 593 707 674 πάταγόν
720 589 746 654 τ’
762 589 848 655 Rob.
864 589 974 676 steph.

306 694 362 777 οδχ
385 694 463 780 ἔνάς]
487 696 516 757 I.
532 719 558 759 e.
575 700 707 759 πολλῶν.
730 692 844 778 Eurip.
861 691 993 778 Cyclop.
1008 692 1085 777 518.
1107 691 1273 774 Στεφάνου
1286 690 1311 755 δ’
1327 691 1364 756 οὔ

262 797 316 874 μία
336 799 426 878 χροιᾶ
444 798 521 878 Περὶ
535 797 593 861 σὸν
608 800 699 877 κρᾶτα
720 793 785 877 τάχ’
802 793 983 874 ἔξομιλήοει.
1018 792 1364 881 Βυρρ1.105.οτ’τχένα

262 897 375 978 ῥυθμὸν
390 902 497 962 Κακίου
511 900 649 981 ἔχοιίσας.
675 894 764 960 Med.
779 896 855 980 948.
877 895 1094 976 ΕὐδαιμονιΙσει
1108 894 1132 960 δ’
1147 896 1205 977 στἰχ
1219 895 1263 968 δν,
1279 896 1364 958 ἀλλὰ

261 999 359 1080 μυρία.
385 998 569 1064 Callimach.
591 1020 624 1085 3,
645 1019 697 1084 33.
722 999 771 1061 καὶ
793 997 851 1080 σιἰχ
871 997 925 1062 ἔνα
946 1000 1061 1079 πύργον
1082 997 1218 1063 ὀπάσσω.
1244 996 1362 1059 Horat.

263 1102 369 1165 Caum.
384 1121 416 1182 4,
433 1122 463 1185 9.
479 1120 534 1186 32.
552 1101 730 1188 Comulque
750 1120 820 1164 non
835 1120 938 1164 αιτιοι
953 1100 1041 1162 anui.
1077 1099 1226 1163 Catalect.
1240 1120 1273 1184 p.
1288 1114 1362 1181 197.

262 1202 310 1266 Et
334 1203 489 1289 quidquid
512 1203 630 1289 Libyco
651 1212 777 1266 cecatur
797 1224 877 1266 arvo
902 1222 972 1266 nou
1000 1221 1071 1264 uun
1093 1202 1234 1286 ροιὶτιιοι
1258 1209 1364 1264 tmere

261 1304 347 1368 cella.
394 1306 475 1369 Haec
500 1305 645 1391 exempla
668 1306 821 1383 λιτότητος
845 1303 882 1367 iis
904 1302 996 1387 adjici
1022 1300 1151 1388 possint,
1175 1323 1248 1389 quae
1272 1300 1362 1366 dedit

264 1405 398 1470 Koenius
420 1407 460 1470 ad
485 1408 620 1493 Gregor.
645 1430 677 1493 p.
697 1425 749 1486 41.
789 1405 841 1470 Cf.
866 1403 965 1491 Soph.
987 1403 1069 1469 OEd.
1093 1405 1136 1468 T.
1152 1422 1223 1469 122.
1245 1403 1361 1490 Eurip.

263 1507 420 1570 Androm.
436 1510 489 1591 96.
512 1509 686 1572 BLOMF.

308 1610 488 1692 105-116.
515 1610 631 1673 Versus
660 1609 691 1673 in
718 1608 796 1673 Ald.
822 1609 864 1673 sic
889 1608 991 1686 divisi,
1022 1611 1092 1672 τί-
1110 1607 1117 1693 Ι
1135 1609 1190 1671 τὸν
1214 1604 1343 1691 σὰν-Ι

262 1707 379 1773 ἔπιδ-
399 1708 404 1795 Ι
423 1709 504 1774 άν-
523 1709 528 1794 Ι
547 1716 790 1794 πολισσοῦχοι-
808 1711 814 1796 Ι
833 1715 954 1777 ίδετε-
971 1711 978 1796 Ι
997 1714 1116 1790 κῦμα-
1134 1709 1140 1794 Ι
1159 1711 1318 1790 άνδρόν-
1336 1708 1343 1794 Ι

258 1811 366 1893 Ἀρεος
380 1813 533 1895 ὀρόμενον.

308 1932 378 1998 105.
403 1913 591 1998 παλαίχθων]
609 1915 672 1989 Qui
693 1916 855 2001 regionem
869 1917 946 1978 olim
965 1913 1113 2000 poaaidct.
1136 1912 1203 1977 ἀντὶ
1217 1916 1279 1985 τοῦ,
1295 1913 1313 1975 δ
1328 1913 1361 1976 ἐκ

261 2021 391 2081 παλαιοῦ
413 2016 641 2099 κληρωσάμενος
662 2015 749 2095 τήνδε
772 2020 837 2098 γῆν.
860 2021 977 2096 τιμᾶται
998 2020 1056 2098 γὰρ
1077 2017 1158 2097 παρὰ
1173 2015 1322 2094 Θηβαίοις
1343 2017 1361 2078 δ

256 2117 359 2200 Ἀρης.
393 2119 438 2183 διὸ
464 2117 647 2202 καὶἈρειον
671 2124 780 2202 τεῖχος,
807 2121 855 2183 καὶ
879 2118 1018 2200 Ἀρητιδς
1041 2117 1130 2199 κρήνη
1159 2114 1227 2198 παρ’
1249 2117 1360 2185 αιἰτοῖς.

262 2219 365 2284 Schoi.
381 2223 423 2284 A.
463 2220 631 2305 Pmprium
654 2241 766 2284 nomen
790 2222 977 2302 Παλαίχθωιι
997 2217 1133 2283 occurrit
1155 2215 1268 2304 Suppl.
1287 2234 1360 2302 249.

259 2342 335 2408 343.
361 2324 535 2388 BLOMF.
572 2327 746 2406 παλαῖχθον
767 2344 805 2385 ex
824 2323 909 2386 A.B.
931 2320 1021 2386 affert
1036 2319 1227 2399 Bruuchiua,
1243 2319 1276 2383 iu
1290 2319 1361 2406 qui-

260 2423 321 2489 bus
335 2426 506 2509 παλαίχθων
520 2425 669 2511 scriptum
685 2447 750 2489 esse
765 2423 904 2510 suspicor
920 2439 956 2489 ut
970 2438 1017 2488 est
1031 2423 1063 2487 in
1079 2423 1123 2489 N.
1138 2437 1171 2487 et
1186 2422 1272 2487 Rob.

303 2531 359 2591 τᾶν
380 2531 452 2592 τεὸν
473 2532 532 2609 γᾶν
554 2529 638 2592 A.B.
661 2526 785 2614 aliique.
820 2530 876 2592 τὸν
899 2531 959 2592 σὰν
980 2531 1039 2608 γᾶν
1057 2525 1164 2613 vulgo.
1196 2529 1253 2591 τὸν
1273 2524 1359 2602 τεάν,

259 2628 372 2692 omisso
391 2633 459 2709 γᾶν,
477 2629 527 2690 Μ.
550 2651 621 2691 cum
645 2627 771 2693 duobus
790 2628 866 2693 aliis.
900 2633 959 2710 γῖιν
980 2632 1052 2693 τεδυ
1066 2626 1171 2692 Viteb.
1209 2627 1358 2691 Aliorum

259 2728 457 2816 quorundam
473 2727 623 2794 librorum
642 2728 788 2794 lectiones
809 2743 882 2794 sunt
897 2733 953 2795 τλυ
966 2734 1039 2795 τεὰν
1053 2735 1119 2812 γῆν,
1135 2734 1191 2795 τὸν
1205 2735 1262 2814 γῆν
1277 2733 1359 2807 τεὰν,

259 2830 313 2907 τὴν
327 2829 384 2908 οην
398 2833 465 2910 γῆν.
504 2831 618 2893 Vernus
633 2844 680 2894 cst
694 2830 888 2896 bucchiacus.

300 2947 375 3012 ³07.
406 2931 610 3016 χρυσοπήληξ]
642 2931 732 2997 Libri
761 2934 874 3019 partim
909 2933 963 3012 sic,
994 2935 1107 3021 partim
1135 2935 1357 3018 χρυσεοπήληξ.

261 3030 358 3095 Pauci
380 3032 572 3115 χρυσοπήλυξ
593 3055 666 3097 cum
689 3033 766 3098 Ald.
790 3036 875 3100 Rob.
902 3036 1019 3114 Tum,
1041 3035 1128 3122 quod
1150 3036 1270 3123 primun
1292 3058 1360 3101 αιτ-

259 3133 339 3196 rexit
368 3132 556 3220 Stephanus.
595 3137 743 3200 Cetemm
764 3136 895 3201 fortasse
920 3159 1051 3201 numero
1073 3137 1238 3204 bacchinon
1259 3138 1360 3202 conti-

260 3235 382 3301 tinuato
396 3234 594 3300 scribendum
609 3239 643 3301 n
654 3238 856 3320 χρυσοπήληξ.

302 3336 419 3422 δαῖμον]
435 3338 546 3416 δαίμων
561 3338 610 3401 M.

303 3436 377 3503 ἔπιδ’
393 3437 487 3523 ἔπιδε]
502 3436 576 3503 ἔπιδ’
593 3437 667 3504 ἔπιδ’
683 3441 732 3504 ἐπὶ
745 3439 867 3505 oodioaa
881 3462 945 3505 aex.
972 3439 1044 3505 ἔπιδ’
1061 3444 1109 3506 ἐπὶ
1122 3442 1244 3507 codices
1257 3441 1335 3506 duo

300 3541 403 3624 πόλιν]
425 3543 532 3605 πτόλιν
554 3541 637 3606 Rob.
671 3542 726 3620 τὴν
746 3543 837 3606 πόλιν
852 3544 890 3607 C.
928 3542 1107 3608 Turbatum
1131 3543 1227 3629 hujus
1250 3567 1360 3609 versus

258 3657 391 3706 metrum
410 3641 453 3706 sio
472 3641 748 3728 mdintegrandum
764 3643 890 3707 videtur
907 3656 942 3707 ut
957 3644 1057 3730 ejecto
1070 3646 1168 3711 altero
1183 3648 1277 3725 ἔπιδε,
1292 3670 1360 3733 quo

258 3739 323 3805 duo
336 3741 457 3805 codices
470 3754 588 3817 carent,
603 3740 756 3806 scribatur

430 3840 454 3906 ὦ
467 3842 660 3926 χρυσοπήληξ
674 3848 789 3923 δαῖμον,
805 3843 889 3907 ἔπιδε
903 3845 993 3909 πάλιν

258 3943 314 4028 qui
328 3965 435 4006 versus
449 3966 488 4007 ex
511 3944 754 4030 penthemimere
775 3943 907 4008 iambico
921 3946 996 4030 (uisi
1014 3947 1086 4033 quis
1108 3950 1142 4012 ίὸ
1163 3949 1358 4030 χρυσοπήληξ

259 4041 345 4107 malit
360 4065 490 4108 numano
503 4043 668 4109 bacchinon
682 4046 879 4128 continuato)
890 4062 923 4110 et
936 4045 1082 4112 dochmio
1094 4064 1143 4112 est
1156 4054 1357 4134 compositus.

259 4142 388 4229 Duplex
404 4145 486 4209 ἔπιδε
509 4146 584 4233 legit
606 4146 780 4224 scholiasta,
794 4147 851 4234 qui
871 4147 1044 4227 annotavit,
1057 4150 1161 4228 ἠθικὸν
1174 4149 1209 4213 rt
1223 4150 1267 4218 δὶς
1281 4152 1356 4216 άνα-

258 4248 406 4324 φιινῖγσαι·
431 4249 546 4311 δειλίαν
560 4249 618 4328 γάρ
633 4249 813 4329 ἐμφαίνουσι
826 4251 875 4312 διδ
888 4251 1002 4314 τούτου.

305 4345 373 4407 108.
390 4346 439 4430 άν]
456 4346 489 4410 Si
504 4346 545 4410 de
559 4368 649 4413 versu
671 4348 867 4434 pimoedente
883 4363 966 4414 recte
982 4348 1136 4436 judicavi,
1149 4353 1207 4414 τὸν
1220 4350 1356 4413 conben-

257 4445 333 4511 dum
349 4444 420 4509 crit.
467 4447 580 4532 Neque
593 4448 676 4512 enim
691 4447 855 4514 veimimiie
868 4465 916 4515 eat
929 4447 1109 4514 dochmium
1131 4449 1252 4534 syllaba
1272 4452 1357 4515 anci·
