2978 5062
275 315 320 376 et
640 316 1016 379 ANNO'I'ATIONES

276 485 323 547 ris
344 497 400 557 est,
419 484 515 548 altera
536 486 576 548 ad
598 498 680 548 artes
701 484 912 564 inveniendas,
925 484 1023 549 altera
1044 485 1083 548 ad
1104 481 1232 548 fraudes
1252 488 1376 573 excogi-

276 586 397 661 tandas,
421 585 541 671 duplex
567 586 659 649 etiarn
685 604 758 650 nata
780 601 828 650 est
850 586 1026 650 fabularum
1050 587 1165 658 series;
1201 610 1274 665 una,
1300 612 1373 674 quie

277 687 466 750 Prometheo
480 688 571 773 ignis,
587 688 650 750 imo
663 688 802 751 omniurn
818 689 883 752 fere
897 688 1010 752 artium
1027 688 1250 767 inventionem,
1265 690 1372 766 altera,

274 810 348 874 quae
370 788 397 851 ei
421 788 520 853 varias
542 790 678 868 fraudes,
701 790 818 877 quibus
835 791 885 854 vel
905 792 1019 854 Jovem
1041 788 1185 877 decipere
1205 814 1302 855 ausus
1322 793 1373 867 sit,

276 890 436 953 tribueret.
482 890 602 954 Eadem
627 914 675 955 res
698 893 810 970 effecit,
836 908 871 957 ut
892 892 943 956 alii
967 890 1190 955 Prometheum
1217 893 1372 957 hominem

274 1015 339 1055 esse
354 993 565 1079 perhiberent,
575 993 626 1055 alii
638 993 731 1057 deum
748 1009 779 1057 et
795 993 999 1057 immortalem
1015 1016 1081 1057 esse
1094 995 1257 1080 fingerent.
1281 997 1374 1058 Jam-

274 1118 338 1180 que
352 1095 533 1181 patentibus
546 1094 723 1159 fabularum
741 1096 824 1171 rivis,
837 1096 887 1158 alii
899 1112 1109 1159 commentum
1123 1096 1163 1159 de
1175 1097 1375 1182 Epimetheo,

274 1197 325 1260 alii
348 1197 388 1260 de
410 1198 510 1282 poenis
533 1197 713 1260 Promethei
736 1196 784 1260 vel
808 1197 917 1260 merita
939 1197 970 1259 in
992 1219 1093 1282 genus
1119 1199 1302 1274 humanum,
1325 1198 1373 1261 vel

275 1299 402 1362 fraudes
416 1299 447 1361 in
463 1302 577 1362 Jovem
601 1301 724 1375 secutis,
742 1299 890 1382 figmenta
909 1297 1116 1371 addiderunt;
1142 1299 1204 1377 alii,
1219 1300 1273 1384 qui
1291 1301 1373 1363 Her-

274 1400 353 1464 culis
374 1401 511 1465 facinora
533 1401 678 1464 omnibus
701 1401 801 1464 modis
821 1422 937 1486 augere
957 1416 1054 1486 atque
1075 1424 1225 1464 enomere
1246 1400 1373 1476 vellent,

274 1525 346 1565 enm
369 1502 491 1566 abhoc
515 1503 606 1566 heroe
630 1501 795 1566 liberatum
821 1525 887 1566 esse
910 1503 1115 1568 tradiderunt.
1163 1506 1249 1566 Turn
1277 1505 1373 1568 secuti

274 1617 348 1665 sunt
369 1601 514 1680 historici,
531 1603 586 1688 qui
609 1603 730 1668 fabulas
752 1603 819 1666 illas
840 1602 880 1666 ad
904 1627 1007 1666 rerum
1030 1619 1188 1692 gestarum
1211 1605 1372 1669 veritatenr

274 1726 419 1767 revocare
447 1719 607 1788 cuperent.
664 1706 827 1767 Postremo
857 1705 1039 1768 recentiores
1069 1704 1245 1792 philosophi
1276 1730 1373 1772 novas

274 1805 348 1870 inde
369 1829 428 1892 pro
449 1806 576 1870 consilio
598 1830 656 1870 suo
677 1806 849 1892 allegorias,
867 1807 1047 1892 variamque
1068 1807 1109 1870 ad
1134 1823 1292 1894 praeeepta
1317 1830 1374 1872 sua

274 1906 411 1970 fabulam
435 1907 689 1972 accommodandi
711 1907 869 1971 materiam
893 1909 1114 1993 quaesiverunt.
1160 1909 1265 1986 Quint
1287 1910 1373 1996 quod

275 2021 379 2094 patres
407 2008 535 2093 quidam
566 2008 760 2072 ecclesiastici
792 2008 1014 2072 Prometheum
1041 2031 1113 2072 cnm
1139 2012 1218 2073 Jesu
1246 2011 1374 2076 Christo

274 2125 504 2195 compararunt.

318 2211 476 2276 Fraudem
500 2211 679 2275 Promethei
709 2211 740 2273 in
767 2210 908 2274 carnium
936 2210 1154 2276 distributione
1179 2215 1373 2279 commissam

274 2313 365 2376 multi
388 2313 551 2399 scriptores
572 2327 754 2391 memorant,
776 2313 960 2399 praesertim,
979 2313 1046 2398 qui,
1063 2313 1195 2378 Luciani
1217 2315 1372 2402 exemplo,

274 2413 395 2477 ridendi
417 2415 607 2478 occasionem
630 2428 768 2499 captant.
814 2413 986 2500 AEschylus
1001 2438 1074 2479 vero
1096 2439 1163 2479 eam
1186 2438 1245 2502 pro
1263 2419 1374 2482 severi-

274 2530 338 2581 tate
353 2516 471 2580 consilii
488 2518 579 2602 plane
594 2516 707 2578 omisit.
754 2514 875 2600 Aliquo
889 2530 992 2579 tamen
1007 2539 1077 2581 eum
1094 2517 1153 2580 lrnc
1167 2518 1274 2581 fabula
1290 2542 1373 2584 nexu

273 2619 475 2704 conjunctum
495 2640 560 2680 esse
576 2616 700 2679 videtur
720 2615 751 2678 id
772 2618 858 2701 quod
874 2616 1046 2704 AEschylus
1067 2617 1143 2683 dicit
1164 2619 1196 2681 in
1219 2621 1375 2685 sacrificiis

276 2719 498 2783 Prometheum
522 2717 670 2804 reperisse
693 2720 800 2803 κνίσσῃ
828 2724 908 2781 κῶλα
932 2724 1136 2800 συγκαλυπτὰ,
1161 2721 1225 2785 sive
1250 2745 1288 2785 ex
1316 2724 1375 2787 hoc

274 2818 412 2884 sacrificii
436 2818 498 2881 ritu
520 2817 684 2881 ridiculum
705 2815 782 2880 illud
805 2832 1016 2879 commentum
1039 2817 1176 2902 prinrrrm
1197 2834 1300 2883 ortum
1324 2822 1374 2895 sit,

274 2922 339 2984 sive
356 2920 527 3007 AEsehylus
548 2920 663 3005 aliique
686 2919 716 2981 in
739 2920 807 3005 ejus
830 2919 931 2982 locum
955 2919 1013 2981 lroc
1036 2919 1264 2995 substituerint,
1286 2924 1373 3008 qnod

276 3022 464 3086 Prometheo
482 3021 636 3085 inventori
662 3021 754 3083 ritum
775 3021 806 3084 in
831 3019 985 3083 sacrifieiis
1004 3043 1073 3083 ossa
1095 3036 1126 3085 et
1150 3044 1257 3085 carnes
1281 3022 1374 3110 adipe

273 3123 458 3211 contegendi
489 3123 670 3187 tribuerent.
725 3123 815 3186 Prior
843 3138 947 3186 autem
980 3121 1058 3184 ratio
1088 3123 1281 3187 verisimilior
1314 3140 1373 3201 est,

274 3224 444 3312 praesertim
468 3225 491 3287 si
515 3239 713 3310 comparetur
734 3247 806 3287 cum
828 3224 952 3309 Hygini
975 3223 1160 3301 narratione,
1176 3247 1271 3309 quarn
1295 3226 1373 3290 inte-

272 3350 360 3414 gram
377 3326 499 3391 lectoris
514 3326 613 3390 oculis
629 3325 835 3410 subjicimus&

305 3572 316 3599 ³
337 3561 403 3608 Poet.
420 3571 510 3608 astron.
526 3573 547 3617 2,
561 3574 596 3620 ¹5·
619 3561 730 3619 Antiqui,
750 3575 804 3607 eam
823 3561 927 3606 marimo
945 3561 1076 3608 ceremonia
1093 3561 1190 3608 deorum
1207 3562 1374 3609 immortalitem

271 3640 390 3700 sacrifieiis
400 3641 607 3695 administrabant,
619 3642 681 3687 soliti
692 3647 749 3687 stent
760 3647 820 3687 totas
833 3640 921 3687 hostias
936 3641 964 3686 ia
980 3655 1101 3687 merorum
1117 3655 1254 3690 consumere
1263 3644 1375 3703 mama.

274 3723 360 3783 Itaque
370 3735 422 3767 eram
433 3728 531 3782 propter
541 3728 634 3768 sumtus
645 3723 832 3781 mapnitadinem
843 3719 962 3779 sacrificia
975 3721 1123 3780 pauperibus
1140 3737 1188 3768 non
1203 3725 1375 3784 coadaperent,

274 3802 430 3850 Prometheus
445 3803 487 3864 qai
502 3808 600 3864 propter
610 3803 772 3849 accedentiam
784 3801 874 3861 tepenti
886 3801 971 3846 miram
986 3800 1091 3848 homines
1100 3801 1205 3861 fiarisse
1217 3805 1376 3861 existimatae,

272 3884 419 3932 recreatione
435 3883 524 3930 dicitnr
539 3883 569 3929 ab
586 3884 648 3929 Jotee
663 3883 811 3942 impetrasse,
829 3887 857 3927 ttt
871 3885 965 3940 partem
982 3880 1063 3927 hostie
1082 3884 1108 3928 in
1126 3884 1205 3943 ipnem
1223 3884 1377 3945 projicerent,

271 3971 366 4023 partem
385 3967 412 4012 in
430 3980 473 4012 suo
491 3970 656 4012 consumerent
671 3977 725 4009 rests.
759 3964 845 4023 Itaque
859 3968 940 4022 postea
956 3964 1100 4009 consuetudo
1109 3962 1228 4022 firmavit,
1245 3966 1309 4026 puori
1322 3980 1376 4012 cam

266 4043 342 4103 facile
352 4060 368 4090 a
379 4047 429 4104 dea,
441 4060 489 4093 non
501 4052 528 4092 ut
538 4046 568 4092 ab
579 4045 672 4092 homine
683 4058 764 4102 auaro,
776 4045 931 4106 impetrasset,
943 4045 995 4105 ipse
1007 4045 1162 4092 Prometheus
1177 4046 1281 4093 immolat
1294 4052 1377 4093 tauros

272 4124 338 4183 daos,
350 4140 450 4186 moram
462 4128 567 4188 primam
580 4127 688 4187 jecinora
703 4140 757 4172 orem
771 4127 798 4172 in
809 4141 854 4172 ara
864 4126 988 4187 posuisset,
1000 4125 1116 4187 reliquam
1128 4140 1223 4173 earnem
1234 4141 1266 4174 ee
1276 4132 1377 4188 utraque

272 4213 343 4252 tauro
353 4205 379 4251 in
390 4221 466 4254 urtam
477 4207 634 4267 compositam,
646 4208 708 4253 sorio
720 4207 806 4253 babuto
816 4207 881 4254 terit.
917 4207 977 4254 Ossa
989 4212 1076 4263 eumer,
1088 4221 1143 4267 pua·
1156 4208 1245 4255 cirrum
1258 4208 1377 4267 suenni,

272 4286 374 4346 reliqua,
389 4287 450 4347 petie
464 4293 576 4345 cosmeta,
589 4288 616 4334 in
627 4288 702 4335 medio
714 4287 840 4343 eottooart't,
855 4292 879 4333 et
888 4287 946 4333 Jovi
958 4287 1020 4347 feeit
1030 4293 1173 4346 messorem,
1187 4294 1299 4348 utquam
1308 4290 1379 4337 sedet

272 4381 352 4413 eorum
362 4373 464 4415 sumeret
472 4373 574 4428 partem.
599 4368 700 4428 Jupiter
711 4372 800 4422 autem,
809 4366 852 4413 etsi
864 4381 911 4414 nort
920 4381 966 4428 pro
977 4367 1127 4428 dnnafect't
1136 4368 1284 4428 capitatione,
1295 4383 1340 4418 raes
1350 4377 1379 4418 stt

272 4448 342 4494 deum
357 4448 458 4503 decebat,
470 4450 549 4494 omnia
565 4450 606 4508 qui
623 4448 702 4494 &terit
719 4453 775 4493 ante
788 4446 922 4506 posim,
933 4447 975 4494 sed
984 4445 1107 4508 (quoniam
1122 4448 1217 4496 eredere
1228 4449 1379 4499 institerimus
