2978 5062
312 359 381 423 AD
405 361 597 425 SEPTEM
621 361 871 427 ADVERSUS
895 363 1098 427 THEBAS.
1195 360 1261 430 159

156 527 332 607 confirmat,
354 529 506 618 templum
529 530 598 595 Pici
620 531 741 619 antiqui
766 531 951 595 Latinorum
972 530 1054 618 regis
1077 530 1183 619 spoliis
1205 530 1259 594 ho-

158 628 252 694 stium
267 647 413 696 umatum
428 631 624 697 describens:

245 733 414 821 Mullaqrae
424 744 583 822 proterea
597 737 699 799 sacris
711 737 747 798 ιἰι
757 734 902 819 postibus
916 756 1010 799 orma

243 837 364 922 captivi
376 835 513 922 penderat
527 860 654 910 crtrrrea,
669 857 834 924 σιιυυαριια
847 857 971 901 aecrtree

246 946 277 1001 el
289 939 396 1002 criatae
411 941 561 1026 copinam,
577 948 606 1003 et
615 949 786 1025 portorum
800 942 947 1026 ingentio
961 941 1102 1002 clartatra

245 1040 436 1127 spiculaque,
451 1041 621 1127 clypeique,
634 1051 800 1129 ereptaque
814 1053 920 1105 rostro
934 1045 1064 1105 οανῖιιῖκ.

162 1142 208 1206 Et
235 1142 276 1205 dc
306 1145 455 1222 Sesostm,
484 1142 699 1228 antiquissimo
728 1144 955 1230 AEgyptiorum
993 1167 1078 1231 rege,
1103 1145 1158 1231 qui
1188 1161 1260 1233 post

160 1270 273 1313 novem
287 1271 440 1313 annorum
456 1248 694 1335 expeditionem,
711 1273 774 1335 qua
789 1249 898 1313 Asiam
920 1249 1043 1335 subegit
1057 1273 1180 1315 omnem
1198 1275 1260 1316 una

162 1373 233 1416 cum
248 1353 503 1439 penellarum,
518 1351 658 1416 excitatis
674 1351 791 1438 ubique
808 1351 1017 1416 monumentis
1038 1352 1178 1437 gentium
1194 1377 1212 1417 a
1228 1378 1261 1419 ae

162 1454 366 1530 devictarum,
388 1452 576 1540 amplissima
598 1477 669 1518 cum
693 1453 802 1540 proeda
823 1454 951 1518 domum
973 1455 1111 1533 revertit,
1128 1455 1259 1520 Diodor.

166 1576 194 1634 1,
208 1571 230 1642 5
230 1574 262 1641 5.
277 1559 314 1620 τδ
327 1557 384 1636 μὶν
399 1557 463 1636 ἱερδ
476 1555 575 1619 πάντα
589 1560 626 1621 τὸ
640 1555 702 1620 κατ’
720 1559 871 1639 Αἴγυπτον
885 1559 1053 1640 ἀξιολόγοις
1076 1559 1123 1622 καὶ
1138 1562 1261 1627 σκύλοις

165 1660 323 1738 ἐκόσμησε.
349 1659 516 1722 STANL.

207 1760 319 1843 δόμοις]
343 1762 444 1838 νόμοις
458 1760 500 1823 Ε.
536 1759 576 1821 In
592 1780 683 1821 versu
699 1757 852 1844 posthaec
868 1761 962 1824 verba
976 1761 1140 1825 inserendo
1155 1762 1260 1846 στέφω

163 1863 221 1943 πρδ
237 1867 326 1934 ναῶν,
341 1864 492 1941 πολεμίων
507 1860 669 1940 ἐσθήματα,
686 1882 746 1923 non
770 1863 849 1924 male
865 1863 999 1928 Bothius
1018 1865 1165 1945 προνάων.
1187 1888 1260 1952 qua*

166 1980 267 2029 tamen
290 1987 353 2028 non
375 1964 544 2028 necessaria
558 1962 690 2027 mutatio
708 1978 763 2028 est.
811 1963 958 2028 Similiter
972 1965 1057 2052 apud
1074 1965 1259 2053 Euripidem

166 2067 233 2130 Ion.
258 2084 308 2152 79.
331 2067 371 2134 ὥς
388 2065 446 2147 πρδ
471 2070 544 2129 ναοῦ
564 2068 744 2152 λαμπρδθῇ
770 2067 932 2145 πυλώματα
957 2066 1072 2146 δάφνης
1095 2067 1260 2146 κλάδοισιν,

165 2168 382 2234 Wakefieldua
411 2167 542 2251 προνάου
566 2166 679 2254 corrigi
706 2168 842 2244 volebat,
873 2166 926 2230 sed
955 2168 1085 2253 vulgata
1106 2169 1262 2256 scriptura

165 2271 345 2336 defenditur
365 2294 457 2335 versu
484 2290 553 2353 129.
578 2273 673 2334 καλόν
693 2296 730 2352 γε
753 2270 807 2334 τὸν
832 2273 935 2344 πόνον,
959 2270 982 2334 ὦ
1003 2277 1111 2350 Φοῖβε,
1133 2275 1183 2338 σοὶ
1204 2274 1261 2356 πρδ

165 2377 263 2455 δόμων
276 2375 418 2455 λατρεύω,
435 2379 525 2452 τιμῶν
538 2379 679 2452 μαντεῖον
694 2374 792 2453 ἕδραν.

208 2477 361 2556 πολεμίων
382 2475 545 2557 ἐσθήματα]
573 2474 713 2538 Mortuis
734 2474 832 2562 spolia
854 2473 1018 2539 detrahere
1039 2474 1144 2540 Graeci
1165 2481 1263 2543 συλᾶν

166 2577 291 2665 proprie
305 2577 426 2640 dicunt.
451 2576 548 2638 Hom.
565 2574 657 2638 Iliad.
675 2580 712 2652 K,
727 2576 801 2660 387.

248 2679 294 2743 'H
309 2703 376 2742 τινα
391 2676 531 2755 συλήσων
546 2680 657 2741 νεκύων
673 2678 945 2750 κατατεθυειιύτωυ;

168 2785 234 2847 ἀντὶ
247 2786 300 2846 τοῦ
314 2783 456 2852 ἔκδύσωυ,
473 2782 547 2841 κατδ
561 2780 629 2845 τοὺς
643 2783 799 2853 παλαιούς,
817 2796 852 2843 ιιι
868 2779 968 2864 inquit
986 2777 1182 2842 Eustathius
1211 2779 1263 2842 Ita

166 2889 256 2970 συλᾷ,
274 2888 377 2949 ἓκδύει.
422 2884 467 2945 Et
482 2903 589 2943 rursus
603 2888 708 2956 συλᾶυ,
725 2887 864 2964 γυμνοῦν.
903 2884 970 2946 Nec
991 2881 1117 2945 aliunde
1140 2881 1263 2945 Latinis

166 2990 318 3063 Εατιυὶαι,
334 2983 421 3071 quasi
434 2984 474 3047 ab
488 2984 628 3046 certando
642 2985 743 3049 dictae.
782 2983 946 3049 Claudian.
962 2988 1016 3070 36,
1030 2988 1104 3070 348.
1120 2986 1175 3048 άος
1188 3006 1261 3050 one-

166 3102 220 3156 rat
235 3111 339 3153 ramoa
353 3096 467 3150 exulata
483 3086 617 3171 Ophion,
633 3086 653 3149 i.
668 3110 694 3151 e.
711 3087 833 3151 exuviae
848 3087 1013 3174 Ophionis.
1040 3088 1203 3151 STANL.

208 3195 279 3258 280.
302 3188 521 3272 ποιφύγμασιν]
547 3191 579 3250 Α
602 3192 773 3271 ποίφυσσω,
790 3191 940 3254 violenter
953 3193 1088 3275 ezr-spiro.
1112 3212 1185 3274 quae
1200 3212 1259 3252 vox

166 3296 331 3369 formatur,
346 3292 379 3355 ni
400 3291 499 3368 lallor,
515 3313 535 3354 a
556 3314 632 3354 sono
649 3301 724 3373 ποιφ
741 3291 891 3377 (Anglice
910 3294 1002 3377 prpf)
1018 3312 1110 3375 quem
1126 3290 1263 3376 explosae

168 3399 275 3462 buccae
291 3394 398 3458 edunt.
443 3393 555 3456 Minus
573 3409 656 3456 recte
670 3392 857 3456 Eustathius
872 3392 958 3455 ducit
971 3416 990 3455 a
1005 3391 1122 3474 φυσάω.
1157 3391 1262 3456 Schol.

169 3498 320 3564 Nicandr.
337 3497 485 3561 Theriac.
501 3520 574 3583 pag.
594 3514 642 3580 13.
658 3496 692 3558 τὸ
708 3498 741 3560 δὲ
755 3497 937 3576 ποιφύσσειυ
951 3501 1113 3577 πολλαχῶς
1127 3494 1263 3576 λέγεται.

170 3604 217 3667 καὶ
238 3603 311 3666 ποτὲ
332 3603 388 3680 μὲν
411 3601 459 3662 ἐπὶ
479 3604 531 3662 τοῦ
555 3601 709 3680 ἐκφοβεῖν,
730 3599 769 3664 ὣς
788 3598 922 3679 Σύφρων
942 3600 976 3662 ἐν
996 3599 1115 3676 Μίμοις,
1135 3598 1264 3660 Παιδικδ

168 3705 330 3786 ποιφύξεις·
353 3703 425 3765 ποτὲ
448 3703 480 3764 δὲ
505 3703 554 3765 ἐπὶ
578 3706 630 3764 τοῦ
652 3705 749 3777 πνεῖν,
772 3701 811 3767 ὡς
837 3701 1003 3782 Εὐφορίων·
1028 3700 1164 3780 Ζεφύρου
1185 3695 1264 3779 μέγα

169 3808 378 3887 ποιφύξαυτος.
400 3805 435 3866 τὸ
459 3805 490 3867 δὲ
512 3805 745 3884 ποιφύσσουτος,
762 3803 923 3885 (Thetiuc.
940 3805 1024 3884 180.)
1049 3802 1114 3865 ἀντὶ
1135 3805 1188 3863 τοῦ
1209 3808 1264 3880 φυ-

170 3914 291 3973 σῶντος.
330 3905 469 3968 Verbum
495 3904 685 3989 exquisitum
711 3921 775 3976 est;
799 3904 933 3991 ideoque
952 3904 993 3967 ab
1018 3900 1181 3987 AEschylo,
1208 3904 1265 3965 So·

169 4010 299 4096 phronc‚
330 4007 544 4094 Euphorione,
576 4006 746 4083 Nicandro,
777 4007 998 4093 Lycophrona
1026 4006 1127 4086 (180.)
1156 4002 1264 4067 talium

170 4133 280 4174 vocum
297 4108 509 4186 sectatoribus,
527 4125 723 4195 usurpatum.
762 4107 876 4171 Utitur
891 4109 1000 4193 Anyto
1021 4129 1071 4192 ap.
1089 4105 1218 4170 Suidam
1233 4105 1264 4170 in

170 4234 255 4288 voce,
272 4211 312 4276 de
325 4211 482 4297 delphine,
498 4209 681 4291 περικαλλέα
694 4210 783 4292 χείλη
799 4211 949 4290 Ποιφύξω.
974 4208 1148 4272 BLOMF.

213 4314 286 4378 281.
301 4314 343 4397 τι]
361 4339 407 4376 τοι
422 4312 498 4376 Ald.
515 4311 600 4375 Rob.

214 4415 287 4478 282.
312 4414 335 4478 δ’
362 4412 423 4500 ἐπ’]
452 4412 657 4478 Scribendum
683 4411 717 4474 δέ
741 4409 787 4493 γ’;
822 4410 908 4496 quod
932 4410 1012 4474 vidit
1036 4434 1212 4502 anonymus
1235 4411 1267 4477 in

168 4515 308 4603 margine
319 4513 506 4602 exemplaria
519 4513 630 4579 Aldiai
645 4512 732 4601 apud
748 4514 938 4578 Burtonum.
