2978 5062
266 339 335 402 214
469 346 472 351 '
633 340 1008 406 ANNOTATIONES

268 513 337 589 ίμᾶς
357 514 498 575 τοιοῦτος.
512 509 659 574 Eustatb.
682 510 722 574 ad
746 510 858 597 Odyss.
883 518 920 574 N.
944 534 975 597 p.
1003 513 1098 594 1746,
1116 533 1169 593 42.
1192 536 1257 597 quo
1278 533 1376 580 sensu

266 612 402 675 occurrit
418 610 532 697 Odyss.
545 618 585 688 N,
597 613 675 696 438.
692 613 848 677 Herodot.
860 635 895 695 4,
907 617 959 678 60.
976 615 1087 702 Suppl.
1099 636 1174 700 453.
1186 614 1272 698 Ἔχω
1284 622 1378 698 στρό-

265 722 344 794 φους
364 716 457 789 ζώνας
478 738 522 791 τε,
540 717 700 793 συλλαβὰς
720 714 853 778 πέπλων.
899 716 952 779 Ita
974 730 1055 780 recte
1079 716 1289 803 spanhemius
1311 742 1376 804 pro

265 819 424 898 στρόβονς.
470 818 569 879 Zonae
584 815 758 902 significatu
774 816 971 901 frequentius
984 832 1031 882 est
1046 822 1204 900 στρόφιον.
1226 822 1246 900 ἡ
1261 845 1375 904 στρογ-

265 921 343 1000 γώλη
364 921 449 997 ζώνη.
476 917 616 1006 Hesyoh.
664 920 837 1005 Cingiliam.
856 919 960 983 Gloss.
977 922 1060 983 Vett.
1096 920 1212 985 Catull.
1235 925 1289 1001 61,
1313 926 1372 1009 65.

266 1022 344 1085 Nou
364 1023 454 1085 tereti
475 1022 615 1108 atrophia
632 1021 785 1085 luctantes
808 1023 915 1084 νιίιοία
933 1023 1083 1108 papillas.
1118 1022 1188 1088 Vid.
1205 1025 1313 1110 Toup.
1335 1026 1369 1090 iu

267 1124 357 1189 Suid.
375 1143 404 1187 2.
418 1147 450 1211 p.
467 1144 539 1202 204.
586 1122 741 1209 Intellige,
757 1132 904 1210 quotquot
917 1133 993 1187 aurat
1008 1126 1165 1211 virginea.
1189 1126 1369 1193 BLOMF.

310 1229 383 1311 877.
399 1228 507 1312 κλαίω]
526 1227 607 1290 κλώω
624 1227 784 1290 Porsonus
798 1240 892 1289 recte.

310 1331 383 1417 873.
407 1327 439 1392 έκ
462 1329 584 1413 φρενός]
600 1330 658 1392 Ea
672 1330 790 1392 animo.
812 1327 969 1392 Abresoh.
984 1328 1105 1392 confert
1120 1352 1151 1391 v.
1166 1349 1240 1415 914.
1256 1332 1371 1411 έτώμως

263 1431 436 1515 δακρυχέων
450 1433 483 1494 ἐκ
503 1429 622 1513 φρενός.
646 1429 789 1517 Choeph.
805 1451 875 1510 104.
897 1430 975 1509 λέξω
997 1431 1050 1493 τὸν
1073 1433 1105 1494 ἐκ
1128 1432 1238 1512 φρενὸς
1259 1430 1370 1514 λόγον.

266 1536 383 1619 Agam.
398 1552 492 1617 1493.
514 1533 630 1615 Φρενδς
651 1536 685 1596 έκ
710 1535 813 1615 φιλίας
838 1536 869 1597 τί
891 1530 955 1597 ποτ’
980 1535 1071 1604 είπω;
1097 1532 1195 1596 Adde
1217 1534 1369 1620 Sophocl.

264 1636 347 1700 OEd.
364 1637 446 1722 Tyr.
462 1637 537 1720 528.
560 1637 592 1713 έξ
614 1637 703 1717 ὀρθῆς
723 1633 843 1717 φρενός.
866 1637 973 1699 Nostr.
989 1635 1105 1722 Agam.
1119 1637 1175 1716 48.
1200 1636 1310 1718 Μέγαν
1332 1640 1368 1702 έκ

263 1743 358 1820 θυμοῦ
381 1736 537 1814 κλάζοντες
554 1736 659 1820 Ἀρην.
680 1737 758 1802 ibid.
776 1738 847 1824 798.
872 1739 1017 1819 εὔφρονος
1039 1739 1072 1800 ἐκ
1094 1742 1235 1806 διανοίας.
1250 1752 1292 1814 el,
1308 1741 1367 1827 qui

264 1841 441 1929 praeiverat,
458 1841 590 1905 Homer.
607 1839 698 1905 Iliad.
715 1847 738 1903 Ι.
756 1860 831 1926 343.
846 1838 901 1904 Ἐκ
923 1845 1015 1921 θυμοῦ
1034 1843 1154 1922 φίλεον.
1179 1841 1297 1905 Incert.
1311 1865 1365 1927 ap.

263 1942 362 2008 schol.
379 1942 525 2030 Sophocl.
542 1942 620 2008 OEd.
639 1940 708 2006 Col.
722 1962 813 2028 1375.
824 1940 927 2023 Ἔγνω
938 1940 1099 2023 ’παφήσας,
1113 1941 1178 2006 εἶπέ
1189 1941 1213 2005 τ’
1227 1945 1260 2007 έκ
1271 1947 1366 2023 θνμοῦ

262 2045 343 2111 τάδε.
367 2045 526 2110 Theocrit.
543 2065 576 2122 a,
592 2048 644 2110 60.
666 2045 702 2112 ἃς
721 2045 765 2109 ἔτι
784 2046 832 2109 καὶ
847 2049 900 2108 νῦν
914 2043 969 2107 Ἐκ
983 2049 1062 2123 θνμῶ
1077 2043 1206 2123 δέδεμαι.
1223 2043 1276 2108 ubi
1292 2043 1364 2109 ride

264 2147 412 2212 Valelreu.
430 2147 481 2212 Id.
498 2148 528 2226 8,
544 2167 563 2232 3
566 2163 596 2233 5.
618 2146 753 2211 Boorolr’
769 2149 802 2210 ἐκ
822 2151 924 2230 ψυχᾶς
945 2150 998 2214 τὰς
1020 2149 1152 2226 ἆμνίδας.
1176 2146 1267 2210 Bion.
1282 2166 1315 2227 4,
1333 2167 1364 2213 2.

262 2245 318 2314 Ἐκ
337 2256 429 2330 θνμοΰ
448 2254 481 2313 δὲ
503 2255 649 2331 φιλεῦντι.
674 2248 832 2313 Nicander
853 2248 885 2311 in
897 2247 1032 2313 Anthol.
1049 2267 1079 2325 2,
1094 2268 1148 2330 47,
1166 2267 1195 2314 2.
1211 2251 1315 2313 Αἰνεῖν
1329 2251 1365 2314 έκ

259 2355 373 2435 ψυχῆς.
418 2349 499 2415 Vide
512 2365 542 2414 et
559 2351 672 2436 Eurip
690 2348 764 2436 Iph.
780 2347 858 2413 Aul.
874 2368 965 2434 1075.
1012 2347 1101 2412 Idem
1121 2349 1185 2412 fere
1200 2348 1281 2414 valet
1302 2351 1362 2414 ἀπὸ

259 2455 381 2535 γνώμης
410 2455 546 2517 Eumen.
575 2456 650 2535 671.
684 2452 724 2516 ab
752 2452 928 2516 Abreschio
963 2450 1123 2529 collatum,
1152 2474 1246 2540 quem
1278 2451 1362 2517 vide.

264 2556 439 2621 BLOMF.

304 2661 440 2741 λιγαίνω,
457 2658 601 2724 Stridula
615 2679 737 2744 queror.
755 2657 895 2743 Hesych.
912 2657 1056 2741 Λιγαίνει.
1081 2659 1190 2740 τέρπει.
1215 2657 1288 2742 ᾄδει,
1303 2685 1361 2739 μα-

259 2767 371 2843 στιγοῖ,
388 2763 530 2843 κηρύττει,
546 2762 650 2834 κλαίει,
670 2759 688 2839 ἢ
708 2761 797 2839 ὀξέως
819 2762 946 2845 έφορμᾷ.
971 2759 1121 2824 Eustatb.
1143 2759 1184 2823 ad
1208 2759 1299 2824 Iliad.
1321 2767 1361 2827 Ο.

261 2884 294 2949 p.
309 2882 401 2947 1033,
418 2864 470 2948 38.
485 2866 643 2945 λιγαίνειν,
659 2864 695 2926 οὗ
707 2865 801 2942 μόνον
815 2863 849 2925 τό
863 2865 1019 2944 ῥητορικῶς
1032 2864 1145 2942 ὑμνεῖν,
1162 2864 1243 2926 ἀλλὰ
1262 2865 1309 2926 καὶ
1324 2866 1360 2928 τὸ

258 2965 351 3044 ὀξέως
365 2973 486 3044 φωνεῖν.
505 2965 545 3028 ΙΙ.
562 2972 601 3039 Ν,
618 2966 693 3044 684.
710 2965 841 3045 Κήρυκες
859 2966 882 3028 δ’
899 2966 1061 3046 ἐλίγαινον.
1084 2965 1172 3027 Pers.
1187 2966 1264 3046 467.
1285 2967 1358 3029 ἀνα-

260 3069 394 3134 κωκύσας
408 3070 486 3150 λιγιί.
504 3067 586 3131 Ibid.
602 3088 676 3153 332.
693 3069 782 3148 λίγεα
797 3068 960 3146 κωκύματα.
985 3065 1161 3129 BLOMF.

303 3169 699 3253 874-879=880—887.
724 3170 839 3231 Versus
861 3167 892 3231 in
914 3167 991 3231 Ald.
1013 3167 1055 3231 sic
1077 3165 1168 3230 divisi
1190 3169 1268 3230 lb·-
1287 3165 1293 3252 Ι
1313 3170 1361 3232 καὶ

258 3277 399 3335 κακῶν-
418 3271 423 3350 Ι
443 3274 607 3338 ἑλώντες-
625 3270 630 3357 Ι
648 3271 753 3352 μέλεοι
768 3268 871 3348 δῆὀ-
891 3269 897 3355 Ι
918 3272 1084 3350 εὕραντο-
1101 3268 1107 3355 Ι
1127 3271 1204 3332 ἰὼ-
1224 3268 1229 3354 Ι
1249 3271 1297 3333 καὶ
1312 3295 1360 3332 πι-

258 3375 451 3455 κρᾶς-διήλ·
470 3373 477 3461 Ι
495 3379 635 3456 λαχθε-
653 3373 659 3460 Ι
678 3372 748 3436 ἀλλ’
765 3374 814 3436 έπί
828 3373 956 3456 φόνω-
974 3380 980 3456 Ι
1000 3371 1133 3451 κώρτα-
1151 3370 1157 3458 Ι
1176 3373 1330 3435 πότνι’-.

304 3477 376 3560 875.
392 3479 491 3558 φίλων
506 3477 639 3560 ἄπιστοι]
659 3476 777 3538 Amicis·
789 3497 852 3538 reon
869 3476 1073 3560 obsequenter.
1106 3474 1257 3537 Refertur
1271 3472 1312 3536 ad
1327 3496 1358 3538 v.

256 3580 334 3660 677,
352 3577 405 3641 ubi
420 3577 534 3641 chorus
548 3577 666 3640 frustra
681 3577 811 3662 rogabat
827 3576 1000 3652 Eteoclem,
1016 3591 1052 3638 ut
1067 3575 1124 3638 sibi
1145 3575 1223 3639 bene
1243 3598 1356 3639 consu-

257 3677 333 3742 lenti
351 3678 586 3765 obsequeretur.
610 3684 706 3761 κακῶν
726 3679 895 3758 ἀτρύμονες.
914 3681 968 3764 qui
983 3680 1083 3741 tunila
1093 3679 1170 3764 jam
1180 3681 1359 3765 praeteritio

257 3781 426 3846 laudario
440 3780 549 3844 ὀοιαιις
564 3779 658 3842 mulir
672 3799 705 3841 aa
719 3779 869 3864 uechcti
883 3799 939 3841 occ
952 3779 1076 3842 dommi
1089 3783 1180 3864 panai
1194 3789 1279 3853 ιιιαί,
1295 3804 1357 3867 quo

254 3886 365 3948 miuus
379 3884 445 3946 αίίο
459 3903 578 3970 quoqne
592 3880 751 3944 adderent.
774 3879 877 3943 SCH.

301 3988 375 4070 876.
400 3986 515 4048 Versus
536 4007 575 4047 ex
599 3980 734 4046 baccbeo
755 3981 936 4069 duplicique
959 3982 1202 4069 penthemimere
1223 3984 1358 4050 iambico

254 4088 454 4176 compositus.
487 4085 591 4167 μέλεοι
615 4082 802 4169 disyllabum
818 4098 875 4160 est,
899 4099 935 4146 ut
957 4107 985 4147 v.
1009 4100 1083 4166 947.
1108 4085 1165 4148 nisi
1189 4086 1357 4173 utrobique

253 4189 342 4267 μέλοι
357 4186 565 4264 scribendum,
581 4200 617 4249 ut
636 4183 711 4264 μέλε
731 4207 789 4270 pro
808 4184 900 4264 μέλεε
914 4184 1034 4248 dictum
1050 4200 1106 4262 est,
1123 4186 1209 4271 quod
1224 4209 1353 4274 compn-

256 4288 335 4352 ravit
351 4288 571 4352 Blomlleldus:
595 4308 775 4373 quanquam
792 4284 935 4363 vocativi,
946 4285 977 4348 in
990 4309 1055 4371 quo
1069 4288 1177 4351 eadem
1193 4288 1355 4375 duplicata

254 4388 344 4452 litera
358 4404 414 4466 eet,
431 4390 578 4453 rationem
595 4386 702 4476 paullo
718 4387 809 4450 aliam
825 4409 890 4449 esse
904 4386 1054 4474 intelligo.
1144 4394 1145 4397 ’

296 4492 368 4574 877.
384 4493 475 4574 ἀλκᾷ]
493 4517 540 4571 γρ.
557 4494 650 4573 αἰχμᾷ
666 4511 774 4575 margo
791 4491 839 4552 M.
884 4491 929 4552 Et
944 4491 988 4552 sie
1002 4489 1122 4575 aliquot
1139 4493 1272 4557 codices.
