2978 5062
602 374 671 437 AD
693 373 882 437 PERSAS.
1230 371 1292 439 261

190 561 243 627 30.
270 543 390 622 Πρῶτος
410 537 434 603 δ’
458 540 500 603 ῶν
523 539 605 603 ἀειδε
626 542 733 623 λαχὸν
757 542 840 605 uara
863 538 1037 607 Μενάλκας.
1060 537 1116 603 ubi
1135 537 1232 603 schol.
1254 562 1295 605 ex

191 641 384 707 Callimacho
397 640 472 706 citat
484 639 586 716 Ἰόζων
600 639 646 704 ἀν’
662 643 739 724 όρος.
762 656 926 728 notatque,
942 643 1032 717 ίθζειν
1047 641 1081 706 τδ
1097 648 1294 726 λιγνφωνεΐν.

191 745 294 825 κυρίως
308 744 341 806 δέ
356 743 404 806 έπὶ
417 750 576 825 γυναικῶν.
600 742 647 808 Ut
660 744 702 808 ab
716 747 795 826 σίμσι
810 746 922 825 οίμόζω
937 756 969 807 et
983 742 1108 826 οἰμωγὴ,
1123 742 1167 807 sio
1188 744 1230 808 ab
1249 745 1296 808 lori

193 847 259 924 ίόζω
281 858 312 910 et
335 845 411 928 ίνγή.
434 845 475 909 de
491 869 557 932 qua
578 869 654 911 voce
675 846 739 912 vid.
763 848 909 934 Interpp.
926 845 967 910 ad
983 843 1126 931 Hesych.
1147 845 1294 933 Sophocl.

192 947 326 1011 Philoct.
339 962 413 1032 752.
430 950 542 1030 ίνγμθς.
559 949 703 1035 Choeph.
716 968 766 1031 24
783 953 896 1033 ίυγμοῖς
910 950 1061 1028 βόσκομαι
1076 946 1155 1029 κέαρ.
1178 947 1294 1034 Eurip.

192 1049 319 1114 Heracl.
346 1066 416 1133 127.
440 1052 482 1114 Τί
505 1049 565 1131 δῆτ’
589 1055 701 1135 ίνγμῶν
728 1051 772 1132 ἥδ’
800 1054 894 1117 ἐδεῖτο
920 1048 1079 1133 σνμφορά;
1118 1050 1294 1114 BLOMF.

191 1154 279 1228 ίθζειν
293 1173 355 1216 non
377 1151 418 1217 ab
434 1155 489 1226 ίοδ,
506 1152 560 1217 sed
577 1154 619 1218 ab
641 1155 670 1218 lb
688 1153 912 1220 derivandum:
936 1153 977 1217 de
997 1175 1062 1239 qua
1082 1150 1296 1240 interjectione

190 1252 256 1318 dixi
270 1255 303 1318 in
318 1254 484 1319 Thesauro
501 1254 661 1342 Stephani.
699 1259 753 1321 Ex
769 1258 820 1321 M.
834 1269 1020 1321 annotatum
1035 1258 1124 1330 ίονζε.

237 1359 310 1424 282.
328 1356 400 1424 286.
416 1355 498 1442 δᾴοις
513 1359 681 1424 Βοττιαίας.
704 1357 798 1428 δαίοις
809 1358 916 1446 vulgo.

237 1462 309 1524 282.
324 1457 422 1523 πάντα
436 1459 608 1545 παγκάκως]
623 1461 783 1544 παγκάκως
795 1461 895 1527 πάντα
910 1462 1013 1524 Turn.

239 1562 312 1641 284.
331 1561 435 1647 ἔχθος]
453 1588 501 1644 γρ.
517 1563 610 1646 ἀχθος
626 1565 665 1628 Β.

239 1665 310 1748 285.
334 1665 374 1731 ὧς
395 1662 491 1728 στένω
512 1664 709 1751 μεμνημένος]
733 1664 884 1753 Synesius
897 1663 1001 1754 Epist.
1022 1681 1094 1750 129.
1115 1685 1147 1751 p.
1166 1666 1240 1749 265.
1255 1685 1296 1728 ax

195 1764 331 1830 Eunidis
346 1765 477 1845 Cratini,
493 1766 639 1846 στένομεν
652 1767 833 1849 μεμνημένοι
844 1765 949 1848 Ἥβης
964 1769 1087 1848 ἐκείνης,
1104 1770 1158 1832 νοῦ
1178 1765 1203 1830 τ’
1219 1768 1294 1833 ἐκεί·

195 1892 257 1942 νον,
274 1870 322 1932 καὶ
336 1873 464 1949 φρενῶν.
490 1869 667 1933 BLOMF.

237 1970 312 2034 286.
325 1967 463 2053 Ἀθᾶναι]
477 1967 602 2048 Ἀθῆναι
616 1971 667 2033 Μ.
683 1972 788 2036 Turn.
810 1972 890 2036 Post
904 1974 986 2054 δόσις
999 1968 1088 2033 colon
1103 1983 1251 2056 ponatur.

239 2071 314 2135 288.
330 2068 441 2156 μάταν]
460 2071 614 2150 Fmatra,
629 2071 651 2135 i.
665 2094 694 2136 e.
710 2070 875 2137 immerito

239 2173 313 2257 289.
338 2173 471 2258 ἔκτισαν]
494 2176 576 2250 κτίζει
596 2173 645 2238 vel
667 2176 745 2249 κτίω,
766 2174 874 2251 cundo,
896 2173 916 2238 i.
937 2195 966 2237 e.
991 2173 1100 2258 qffimb,
1118 2194 1184 2258 quo
1204 2194 1295 2238 seusu

195 2277 313 2340 Nostro
322 2290 494 2361 usurpatur
503 2275 646 2364 Choeph.
655 2277 750 2361 1058.
765 2275 1039 2363 Suppl.430.630.
1050 2275 1144 2358 1065.
1157 2275 1295 2340 Eumen.

199 2395 248 2460 17.
265 2376 319 2440 ubi
342 2376 506 2441 scholiasta
521 2379 618 2442 κτίσαι
640 2399 699 2465 pro
711 2380 835 2455 ποιῆσαι
851 2374 997 2462 AEschyli
1018 2374 1135 2440 idioma
1155 2399 1221 2441 esse
1241 2377 1297 2459 ait,

196 2502 289 2567 quem
312 2479 430 2543 refutat
452 2477 633 2543 Markland.
656 2502 696 2544 ex
721 2479 836 2566 Eurip.
861 2478 972 2566 Suppl.
997 2479 1070 2562 786.
1094 2493 1125 2544 et
1148 2477 1295 2567 Sophocl.

198 2581 349 2647 Trachin.
366 2599 439 2666 915.
464 2582 640 2647 BLOMF.

239 2684 366 2769 εὖνιδος]
381 2685 470 2758 εὖνις,
484 2684 689 2767 ἐστερημένος,
702 2685 845 2767 ὀρφανὸς,
859 2683 973 2765 ἐνδεής.
997 2682 1137 2770 Hesycb.
1153 2682 1294 2771 Etymol.

198 2787 247 2850 M.
274 2808 308 2873 p.
330 2805 405 2872 393,
429 2788 481 2872 38.
504 2789 593 2854 Εὖνις
615 2789 753 2868 σημαίνει
777 2786 831 2852 τάν
855 2788 949 2870 ἀνδρα
975 2785 1098 2866 κοίτην
1121 2788 1297 2868 γυναῖκαθ

197 2888 274 2956 εὖνις
288 2889 366 2967 καὶὴ
382 2889 468 2955 εὖνις.
493 2890 631 2969 σημαίνει
653 2891 686 2953 δὲ
707 2889 761 2953 τθν
781 2888 992 2971 μεμονωμένον
1015 2889 1063 2954 καὶ
1086 2888 1297 2971 έοτερημένσν,

196 2991 236 3058 ῶς
256 2991 300 3064 τὸ,
311 2987 370 3057 ’ος
391 2989 419 3070 μ’
435 2992 506 3054 νίῶν
518 2996 643 3055 πολλῶν
661 3016 695 3056 τε
715 2994 763 3057 καὶ
778 2993 898 3057 έσθλῶν
913 2993 995 3057 εὖνιν
1009 2993 1106 3073 έθηκε.
1143 2990 1297 3057 Absurde

195 3090 389 3180 grammatici
408 3091 531 3157 ducunt
551 3114 591 3156 ex
614 3094 666 3171 εἷς,
681 3094 760 3161 ένός.
795 3093 940 3182 Choeph.
957 3110 1030 3178 245.
1045 3093 1124 3158 ’1δοῦ
1137 3096 1170 3158 δὲ
1183 3092 1297 3176 γένναν

197 3196 278 3261 εὖνιν
292 3197 390 3269 ἀετοῦ,
406 3194 518 3275 πατρὸς
540 3196 696 3262 Θανόντος
714 3197 749 3259 έν
765 3202 924 3260 πλεκταῖσι
947 3198 995 3259 καὶ
1009 3195 1199 3277 σπειρήμασι.
1245 3193 1297 3259 sic

196 3296 438 3384 distinguendus
459 3296 517 3361 iste
538 3296 634 3361 locus.
657 3318 686 3359 v.
707 3313 781 3380 792.
799 3295 881 3361 Ἰοθι
903 3295 927 3360 δ’
950 3296 1056 3378 ἀνδρὸς
1079 3299 1172 3378 φίλου
1194 3300 1298 3360 πῶλον

197 3402 279 3466 εὖνιν
303 3399 415 3483 ζυγέντ’
441 3401 475 3464 έν
495 3399 610 3481 ἀρμστι.
644 3397 793 3485 Sophoel.
814 3396 965 3462 Trachin.
986 3400 1060 3483 563.
1083 3397 1136 3461 τὸν
1156 3398 1297 3482 πατρῷον

197 3504 284 3582 ἡνίκα
306 3503 418 3566 στόλον
441 3502 504 3568 Ξὺν
524 3499 674 3584 Ἠρακλεῖ
692 3499 727 3564 τθ
749 3505 867 3582 πρῶτον
889 3500 967 3567 εὖνις
986 3500 1130 3580 ἑσπόμην.
1152 3496 1209 3562 ubi
1232 3496 1295 3561 vid.

196 3603 388 3669 Wakefield.
411 3604 585 3668 BLOMF.
640 3604 792 3690 Suspecta
812 3616 860 3667 est
881 3599 985 3666 brevis
1004 3600 1037 3665 in
1055 3601 1118 3665 fine
1133 3598 1297 3687 antispasti

197 3705 327 3794 syllaba,
350 3704 401 3769 cni
422 3704 516 3792 longa
534 3702 701 3792 respondet
726 3703 757 3767 in
782 3726 876 3769 versu
896 3702 1054 3791 strophioo
1075 3703 1149 3788 283.
1174 3701 1295 3775 έθεσαν,

197 3809 269 3879 αἰαῖ,
286 3809 415 3885 στρατοῦ
428 3803 605 3887 φθαρέντος.
643 3804 788 3869 Fortasse
806 3803 905 3891 igitur
923 3806 1039 3872 εὔνιδος
1061 3804 1203 3868 έκτισσαν
1223 3799 1297 3865 sori·

195 3906 335 3972 bendum
357 3929 429 3970 cum
445 3906 606 3970 Boeckhio
627 3906 661 3970 in
681 3906 834 3993 prooemio
854 3905 964 3971 indicis
985 3904 1155 3969 lectionum
1175 3901 1297 3967 sastiva-

196 4032 266 4075 rnm
284 4008 531 4074 Berolinensium
546 4032 575 4073 a.
590 4009 683 4091 1827.
700 4031 733 4095 p.
749 4028 799 4072 11.

241 4132 313 4198 293.
329 4110 460 4195 βροτοῖς]
475 4111 602 4192 βροτοὺς
616 4131 689 4196 pars
703 4107 846 4173 codicum
861 4121 893 4172 et
907 4106 1005 4185 Rob.,
1019 4127 1081 4169 non
1097 4105 1148 4169 M.

242 4233 314 4303 295.
330 4214 457 4299 στένεις]
473 4213 592 4279 στένσις
604 4210 724 4298 aliquot
739 4208 820 4274 libri.

242 4332 314 4401 297.
338 4315 498 4399 ἀρχελόων
526 4314 611 4379 Rob.
634 4325 678 4392 et,
700 4325 738 4376 ut
767 4310 903 4387 videtur,
929 4306 1105 4384 scholiasta,
1129 4305 1184 4393 qui
1213 4312 1298 4373 λαῶν

196 4421 350 4503 ἀρχόντων
365 4416 511 4504 explicat.
548 4415 638 4481 Libri
655 4413 765 4500 reliqui
781 4413 956 4496 ἀρχελείων.

240 4518 436 4604 σκηπτουχίη]
454 4519 654 4606 Sceptra'gm'
668 4536 793 4581 munau.
817 4514 950 4579 Homer.
967 4510 1059 4577 Iliad.
1074 4516 1109 4576 B.
1126 4511 1177 4576 86.
1200 4509 1297 4598 Argi·
