2978 5062
264 277 329 341 288
624 278 1001 343 ANNOTATIONES

264 447 394 528 ὀσκέρας
409 447 573 529 εύμάριδας.
613 449 792 534 Corripitur
806 463 909 514 tamen
927 449 968 514 ab
982 446 1156 534 Antipatro
1170 447 1202 510 in
1219 448 1365 512 Analect.

263 548 325 612 vol.
344 568 372 612 2.
389 572 420 635 p.
437 551 487 614 28.
511 551 685 615 BLOMF.

307 653 381 716 661.
396 652 511 737 τιάρας]
527 653 628 734 τιήρας
643 655 693 718 Μ.
708 669 741 718 et
755 677 809 718 sex
824 652 885 717 alii.

307 757 381 839 663.
397 754 589 841 πιφαύσκων]
606 757 767 839 πιφάσκων
781 757 901 844 aliquot
915 757 1009 821 codd.
1025 771 1057 821 et
1071 755 1150 820 Ald.
1167 758 1272 820 Turn.

306 861 380 938 664.
395 858 500 942 πάτερ]
520 865 619 940 περῶυ
635 861 742 946 Mosq.
759 874 790 924 ct
805 860 889 924 Rob.

307 964 451 1041 Δαρειᾰυ,
481 961 525 1048 οἶ]
557 961 614 1024 Ad
644 961 728 1025 hunc
757 961 858 1025 locum
888 961 1058 1049 respexisse
1087 961 1213 1025 videtur
1239 961 1365 1025 Aristo-

261 1059 381 1148 phanes
395 1064 477 1126 Ran.
494 1065 585 1127 1028.
601 1087 635 1128 re
650 1064 682 1127 in
697 1063 862 1128 ridiculum
879 1064 1013 1141 detorsa,

349 1216 461 1299 ἐχάρην
476 1221 549 1298 γοῦν
564 1215 672 1296 ἡνίκ”κ
698 1234 718 1274 κ
742 1234 761 1273 κ
783 1236 802 1275 τε
828 1237 848 1276 a
868 1217 936 1300 περὶ
952 1219 1081 1298 Δαρείου
1096 1220 1265 1292 τεθνεῶτος,

349 1319 366 1380 ὀ
380 1318 471 1400 χορὸς
486 1316 509 1381 δ’
527 1319 611 1386 εὐθὺς
624 1322 664 1383 τὼ
678 1320 754 1404 χεῖρ’
770 1322 822 1386 ῶδὶ
836 1321 1019 1402 ξυγκρούσας
1035 1317 1118 1382 εἶπεν
1135 1319 1221 1381 ίαυοῖ.

263 1483 317 1546 ubi
333 1506 412 1547 vana
431 1484 532 1549 multa
551 1487 717 1550 commenti
741 1485 824 1551 sunt'
836 1485 1030 1573 grammatici
1046 1500 1166 1549 veteres
1180 1484 1220 1548 de
1239 1484 1365 1549 duabus

262 1583 353 1648 valde
367 1585 448 1649 inter
463 1610 495 1649 se
509 1587 638 1652 diversis
654 1591 820 1652 Persarum
839 1587 1038 1665 editionibus,
1053 1609 1186 1673 quorum
1203 1586 1364 1673 opiniones

261 1684 292 1749 in
306 1686 428 1750 scholiis
443 1704 517 1752 sunt
531 1689 690 1776 expositae,
708 1691 850 1755 refutatae
865 1702 970 1754 autem
982 1689 1023 1752 ab
1035 1691 1067 1752 N
1070 1688 1150 1753 aehio
1164 1688 1196 1752 in
1212 1689 1364 1774 prooemio

261 1787 372 1852 indicis
400 1788 567 1854 lectionum
592 1792 804 1856 Bonnensium
828 1792 1007 1856 aestivarum
1030 1813 1059 1855 a.
1078 1792 1173 1876 1832.
1217 1790 1363 1854 Eandem

262 1893 463 1978 quaestionem
480 1895 680 1982 postmodum
698 1895 841 1960 tractavit
854 1894 1043 1958 Welckerns
1056 1894 1088 1957 in
1103 1893 1363 1958 commentatione

261 1991 438 2057 doctissima
452 1993 492 2057 de
508 1994 622 2073 Persis,
638 2019 712 2082 quae
728 1997 835 2060 Musei
859 1995 1002 2059 Rhenani
1019 1994 1169 2059 volumini
1190 1994 1302 2081 quinto
1316 2007 1363 2059 est

260 2090 385 2159 inserta.
431 2097 562 2160 Lacuna
581 2113 652 2184 post
672 2097 746 2176 ἡνίκ’
762 2099 802 2162 ab
818 2120 867 2161 me
890 2096 1024 2161 indicata
1038 2095 1365 2182 quomodoexplendo

261 2194 384 2260 sitnon
406 2196 516 2284 liquet.
563 2201 602 2263 In
625 2199 711 2265 libris
730 2200 821 2264 lectio
843 2214 889 2263 est
911 2222 949 2262 ex
972 2197 1157 2283 glossemate
1178 2197 1264 2262 illata
1287 2196 1362 2276 ἡνίκ’

260 2297 385 2377 ἥκουσα,
407 2300 457 2363 cui
475 2301 507 2364 in
526 2301 651 2365 duobus
665 2302 780 2366 inlimae
799 2301 900 2365 aetatis
919 2299 1078 2364 codicibus
1098 2300 1171 2378 ἡνίκ’
1187 2299 1363 2380 ἀπηγγέλθη

261 2414 309 2464 est
333 2401 551 2480 substitutum,
577 2426 651 2490 quae
674 2403 871 2490 interpolatio
894 2424 933 2466 ex
960 2400 1160 2465 annotatione
1190 2399 1362 2463 scholiastae

261 2501 358 2567 ducta
378 2519 436 2582 est,
460 2507 494 2569 έν
519 2512 580 2573 τοῖς
601 2505 778 2587 φερομένοις
802 2506 956 2588 Αἰσχύλου
980 2503 1114 2585 Πέρσαις
1139 2505 1207 2567 ούτε
1232 2504 1363 2582 Δαρείου

262 2604 389 2673 θάνατος
410 2607 636 2689 ἀπαγγέλλεται
650 2609 719 2671 οὔτε
736 2609 753 2670 ὀ
770 2606 861 2690 χορὸς
879 2609 933 2673 τὰς
953 2612 1057 2688 χεῖρας
1071 2606 1257 2687 συγκρούσας
1279 2603 1364 2667 εἶπεν

262 2709 349 2772 ἰαυοῖ.
388 2708 616 2795 Aristophanes
638 2708 768 2772 fortasse
790 2707 953 2793 scripserat
976 2707 1086 2790 ἐχάρην
1107 2711 1182 2787 γοῦν
1202 2703 1275 2784 ἡνίκ’
1295 2706 1363 2768 ὀϊον

262 2810 321 2892 έγῶ
335 2812 404 2891 περὶ
418 2814 548 2893 Δαρείου
562 2816 731 2878 τεθνεῶτος.
776 2812 827 2874 De
842 2832 987 2874 mensura
1001 2809 1087 2873 verbi
1103 2811 1180 2885 ὀϊον,
1197 2806 1282 2894 quod
1298 2828 1361 2870 non

261 2910 396 2976 alienum
427 2912 467 2975 ab
493 2912 658 2999 anapaestis
687 2912 873 2977 tetrametris
902 2911 1009 2976 haberi
1033 2925 1148 2998 potest,
1174 2910 1296 2974 dicetur
1320 2907 1362 2972 ad

263 3014 407 3102 AEschyli
423 3016 520 3079 Eum.
533 3017 605 3094 844.
630 3015 854 3100 Imperfectum
871 3026 975 3077 autem
992 3016 1060 3078 άϊου
1074 3028 1244 3098 augmento
1257 3034 1363 3076 carere

261 3139 280 3181 a
308 3115 519 3203 grammaticis
543 3119 740 3182 observatum
770 3131 835 3181 est:
873 3139 904 3182 v.
929 3118 1067 3180 Cramer.
1093 3113 1218 3179 Anecd.
1243 3114 1306 3178 vol.
1332 3135 1361 3178 1.

261 3242 294 3307 p.
309 3222 360 3283 86.

304 3324 378 3407 665.
394 3321 480 3386 καινά
494 3323 538 3407 τε]
555 3321 667 3387 Lectio
681 3336 835 3409 suspecta.
859 3320 933 3385 καίν’
950 3322 1029 3403 άλγη
1043 3321 1192 3408 Engerus
1205 3342 1238 3406 p.
1252 3339 1306 3405 33.

304 3423 379 3510 ὀχη]
397 3426 474 3507 άχθη
490 3437 552 3488 tres
567 3423 658 3487 codd.

304 3529 378 3609 667.
394 3527 552 3611 δεσπότου]
570 3525 674 3589 Schol.
690 3530 744 3589 τού
759 3525 881 3607 Ξέρξου.

304 3631 378 3711 669.
402 3653 446 3695 τις
470 3627 618 3691 hocloco
643 3627 751 3713 Steph.
776 3643 807 3691 et
831 3625 952 3690 codices
974 3624 1117 3711 plerique
1141 3646 1257 3697 omnes,
1289 3639 1362 3712 post

261 3732 356 3815 ἀχλύς
370 3729 448 3793 Ald.
464 3729 548 3793 Rob.
567 3732 669 3793 Turn.

304 3833 413 3916 άχλὺς]
438 3834 456 3912 ἡ
478 3838 536 3896 τῶν
558 3833 722 3914 ὀφθαλμῶν
737 3833 892 3897 σκότωσις.
930 3827 1131 3917 Apollonius,
1147 3851 1186 3892 ex
1211 3826 1304 3891 iliad.
1322 3832 1361 3906 E,

260 3936 335 4018 696.
359 3937 407 3999 έπὶ
431 3934 455 3999 δ’
479 3937 644 4017 ὀφθαλμῶν
668 3932 763 4016 κέχυτ’
788 3935 890 4016 ὀχλύς.
914 3947 946 3995 et
970 3931 1013 3994 sic
1036 3930 1120 3995 alibi.
1167 3929 1231 3994 Hic
1252 3944 1360 3993 autem

259 4032 397 4121 intellige
422 4036 538 4099 doloris
563 4025 686 4111 nubem,
708 4033 755 4098 vel
780 4034 872 4097 etiam
895 4036 1120 4120 άνοιηιταανιιιπ.
1156 4031 1259 4095 Theb.
1284 4049 1361 4117 213.

259 4136 390 4201 πολλάκι
415 4136 438 4201 δ’
462 4139 496 4201 έν
518 4144 634 4201 κακοῖσι
658 4138 712 4201 τὸν
737 4136 894 4220 άμάχανον
915 4135 970 4200 Ἐκ
991 4139 1128 4217 χαλεπῶς
1151 4136 1231 4206 δύας,
1257 4133 1359 4214 ὕπερθ’

260 4238 399 4318 ὀμμάτων
413 4238 620 4320 κρημναμέναυ
640 4243 783 4321 νεφελᾶν,
800 4240 891 4320 ὀρθοῖ.
916 4239 1022 4301 Prom.
1042 4254 1112 4317 147.
1130 4236 1261 4307 λεύσσω,
1278 4241 1361 4315 Προ-

259 4345 362 4418 μηθεῦ·
385 4345 505 4423 φοβερᾶ
520 4340 544 4405 δ’
561 4344 677 4422 έμοῖσιν
692 4345 797 4408 ὄσσοις
811 4343 925 4425 ὀμίχλα
939 4342 1070 4422 προσῇξε
1086 4339 1201 4420 πλήρης
1214 4339 1358 4418 δακρύων.
