2978 5062
223 331 289 398 174
583 328 967 394 ANNOTATIONES

225 498 371 564 vindictae
400 497 573 586 cupiditate
597 498 768 578 incensum,
791 498 948 586 effregisse
972 499 1200 586 cerebrumque
1222 523 1328 566 exsor-

224 600 341 667 buisse.
386 601 460 670 Qua
480 600 673 666 immanitate
693 614 799 665 narrat
820 601 862 665 ab
876 624 913 665 eo
928 600 1107 665 Minervam
1122 601 1329 667 abalienatam

225 702 387 780 beneficio,
401 702 488 789 quod
502 701 530 766 ei
545 702 764 780 constituisset,
778 703 943 790 indignum
955 702 1122 790 judicasse.
1156 705 1333 770 Pausanias

227 805 334 883 refert,
349 828 368 867 a
383 804 524 868 Proetide
545 819 645 890 porta,
662 804 716 869 ubi
733 804 914 868 Chalcidem
938 804 997 869 iter
1018 804 1068 883 sit,
1084 805 1126 868 ad
1146 805 1226 870 viam
1250 808 1332 894 pub-

227 906 317 972 licam
332 906 453 971 ostendi
470 906 646 993 Melanippi
667 907 857 993 sepulcrum,
873 929 968 993 quem
989 905 1100 970 bellica
1115 904 1231 971 virtute
1251 931 1332 996 prae-

228 1008 454 1075 stantissimum
477 1008 628 1087 nominat,
644 1031 780 1094 eumque
802 1022 968 1095 postquam
992 1009 1143 1097 Tydeum
1166 1023 1199 1073 et
1214 1010 1331 1075 Mecis-

228 1127 313 1176 teum
331 1110 460 1176 Adrasti
475 1111 603 1175 fratrem
621 1110 791 1189 occidisset,
807 1111 909 1197 ipsum
930 1134 1058 1197 quoque
1077 1111 1119 1175 ab
1133 1112 1334 1199 Amphiarao

227 1215 425 1279 interfectum
441 1236 506 1277 csse
521 1213 635 1277 scribit
681 1213 786 1277 Aliter
808 1215 927 1277 Statius
949 1212 1028 1276 hanc
1050 1213 1259 1277 narrationem
1280 1214 1329 1278 in!

228 1314 386 1381 formavit.
430 1314 557 1378 Etenim
574 1315 746 1380 secundum
766 1337 839 1379 eum
855 1314 1061 1401 Melanippus
1082 1314 1232 1402 Tydeum
1254 1339 1329 1403 gra-

230 1417 310 1481 viter
324 1416 488 1489 vulnerat;
514 1416 648 1503 Tydeus
663 1440 736 1480 vero
751 1416 895 1493 vicissim,
911 1438 994 1502 aegre
1006 1416 1125 1480 viribus
1139 1441 1212 1503 quae
1223 1441 1332 1504 super-

229 1532 332 1583 essent
345 1517 491 1595 collectis,
507 1516 569 1582 telo
584 1515 806 1605 Melanippum
822 1517 985 1605 transfigit.
1031 1519 1146 1606 Tydeo
1155 1519 1222 1606 jam
1239 1522 1334 1585 mori-

229 1619 350 1698 bundo,
366 1643 402 1684 ac
417 1619 494 1684 nihil
507 1619 595 1684 aliud
609 1620 731 1706 optanti
751 1619 810 1683 nisi
828 1635 864 1684 ut
883 1620 942 1684 sibi
956 1621 1028 1707 quis
1044 1621 1220 1709 Melanippi
1235 1637 1333 1710 caput

230 1736 388 1810 apportet,
405 1724 571 1808 Capaneus
591 1721 776 1808 obsequitur
796 1721 998 1808 humerisque
1019 1721 1148 1786 allatum
1171 1724 1333 1809 spectami

231 1823 385 1890 vulnerati
401 1823 498 1888 hostis
511 1824 632 1912 copiam
649 1824 765 1913 Tydeo
778 1823 864 1888 facit.
901 1824 990 1888 Tum
1005 1823 1138 1912 iscaput
1154 1824 1332 1913 Melanippi

231 1927 400 1993 abscissum
416 1927 535 2014 porrigi
550 1927 608 1992 sibi
617 1927 722 2015 jubet.

361 2031 490 2117 Spectat
504 2039 598 2094 aerea
612 2030 721 2094 tarra
735 2037 841 2115 caput,
853 2028 1025 2114 glastum
1039 2030 1172 2115 repensa

362 2132 504 2196 Lumina
518 2140 610 2196 toruo
624 2132 747 2206 videns,
762 2139 792 2196 et
805 2130 909 2194 adhuc
922 2129 1189 2218 dubitantiofigi.

363 2233 486 2318 Irffela'a
499 2242 662 2297 contentus
676 2243 755 2298 erut.
801 2233 880 2296 Plus
893 2234 1000 2319 erigit
1012 2232 1115 2296 alteia

367 2335 561 2421 Tisiphoner
573 2337 708 2424 jamque
722 2337 837 2422 infimo
855 2335 1006 2398 Tritonia
1015 2342 1112 2420 patre

368 2440 508 2511 Venerat,
524 2446 554 2501 et
568 2439 682 2501 misem
695 2438 789 2500 denas
803 2436 1124 2521 imatortuleserebot,

364 2540 467 2626 Atque
480 2540 570 2603 illum
584 2541 707 2626 effracti
719 2540 886 2625 perflatum
901 2538 970 2602 tube
982 2537 1097 2601 cerebri

365 2642 520 2728 Adspicit,
536 2651 566 2705 et
580 2643 653 2706 vivo
665 2642 863 2706 sceleraturm
879 2639 1171 2727 sanguinafnacea.

365 2744 434 2807 Nec
447 2746 572 2809 comites
585 2745 715 2829 orfime
730 2745 844 2807 nabat.
888 2745 985 2809 Stetit
998 2764 1114 2829 aspera
1130 2744 1239 2829 Gorgo

366 2846 519 2910 Crinibus
533 2847 666 2922 embra,
682 2848 817 2933 rectique
831 2855 905 2910 ante
919 2868 977 2909 oro
990 2855 1121 2910 ceruatae

370 2949 515 3011 Velouere
527 2948 615 3011 ἀεααι
629 2973 640 3020 ,·
649 2949 755 3035 fugit
766 2957 915 3012 oversato
918 2950 1090 3034 jocantem,

366 3050 435 3112 Nec
446 3050 543 3135 priua
556 3059 648 3113 ostro
662 3053 756 3128 scibit,
771 3073 866 3138 quom
882 3053 1014 3138 mystico
1029 3052 1153 3138 tompus
1166 3061 1196 3117 et
1210 3055 1320 3118 insons

365 3151 483 3216 Iliacam
497 3153 597 3216 multo
606 3156 770 3242 purgavit
781 3155 904 3218 lumino
918 3153 1057 3240 lismplra.
1103 3155 1204 3218 SCH.

279 3257 677 3339 417-421=452·-45⁶·

278 3370 352 3436 417.
376 3356 467 3439 ἀμόν]
494 3355 598 3420 Schol.
620 3358 731 3421 Venet.
755 3357 796 3420 ad
820 3355 913 3420 Iliad.
936 3362 970 3420 Z.
985 3377 1060 3442 413.
1085 3357 1119 3419 τὸ
1143 3358 1176 3421 δὲ
1202 3357 1278 3436 ἀμὸν
1300 3360 1334 3420 ἓν

236 3458 396 3540 Προσῳδίᾳ
410 3457 505 3538 φησὶν
518 3455 704 3538 Ἡρωδιανὸς
718 3459 929 3540 Δωρικῶτεροα
944 3458 1020 3522 εἶναι
1035 3458 1094 3522 ἀπὸ
1108 3463 1161 3522 τοῦ
1180 3457 1334 3540 ἁμέτερον.

236 3559 271 3621 ἐν
285 3558 318 3621 δὲ
331 3555 534 3643 Ἐπιμερισμῷ
551 3560 657 3639 φησὶν,
672 3562 718 3624 ὅτι
739 3559 798 3624 ἀπὸ
820 3564 873 3623 τοῦ
894 3559 967 3639 ἐμὸν
990 3559 1141 3624 ἐκτέταται
1162 3560 1196 3624 τὸ
1218 3568 1234 3624 ἐ
1253 3562 1295 3627 εἰς
1317 3569 1337 3624 ti

234 3659 358 3739 μακρόν.
382 3657 483 3721 Priori
500 3659 610 3723 rationi
625 3660 744 3725 accedit
753 3659 952 3745 Apollonius,
968 3661 1130 3749 posteriori
1143 3662 1335 3742 Demetrius,

236 3772 315 3825 teste
328 3758 437 3823 eodem
453 3758 548 3822 schol.
587 3760 642 3824 Ab
656 3759 797 3843 ἁμέτερος
812 3761 898 3826 ducit
913 3763 1136 3849 Etymologus.
1173 3764 1335 3851 Apollonii

236 3874 341 3925 autem
359 3859 520 3947 (Dyscoli)
537 3859 634 3938 locus,
650 3885 714 3947 quo
728 3861 841 3926 alludit
856 3863 1030 3942 scholiasta,
1047 3864 1178 3929 mutilus
1191 3879 1293 3930 exstat
1304 3867 1336 3930 in

236 3963 388 4047 Excerpt.
411 3961 501 4025 Reiz.
529 3984 558 4048 p.
581 3980 654 4048 433.
678 3965 722 4026 A.
768 3965 881 4029 Vooem
907 3964 1001 4029 habet
1027 3967 1143 4031 Noster
1166 3967 1236 4032 infr.
1260 3970 1335 4054 651.

236 4062 380 4149 Choeph.
402 4065 478 4143 426.
497 4083 574 4147 435.
596 4066 734 4128 Eumen.
758 4086 831 4150 311.
854 4086 928 4151 439.
956 4069 1067 4156 Suppl.
1088 4084 1157 4154 105.
1182 4070 1257 4152 318.
1282 4072 1338 4134 So-

235 4160 339 4247 phocl.
355 4163 474 4228 Electr.
490 4180 562 4249 279.
578 4166 653 4248 588.
670 4168 761 4251 1496.
778 4168 893 4254 Eurip.
912 4168 1026 4234 Helen.
1040 4172 1113 4255 538.
1131 4172 1250 4237 Electr.
1261 4193 1281 4256 5
1283 4188 1337 4257 55.

237 4262 394 4327 Androm.
408 4281 499 4346 1171.
518 4271 541 4304 “
552 4265 627 4345 ἁμὸς
638 4267 790 4331 Doricum
807 4283 854 4332 est
868 4292 925 4354 pro
939 4270 1088 4352 ἡμέτερος.
1109 4273 1184 4353 ἀμὸς
1194 4275 1340 4338 Atticum

236 4384 296 4528 ppo
311 4363 410 4525 hapa?
424 4364 563 4430 Brunck.
578 4367 618 4430 ad
636 4368 869 4435 Andromachae
884 4371 996 4436 locum.
1020 4374 1198 4441 BLOMF.
1240 4377 1341 4440 Recte

267 4483 345 4526 runc
368 4483 427 4526 rus.
