2978 5062
192 379 259 443 ³0⁰
552 378 930 443 ANNOTA'I'IONES

192 552 227 614 δν
241 551 333 633 άμοίιρ
348 549 491 622 ἑποιίετο,
509 550 654 630 ἐμπιπράς
668 576 701 613 τε
716 553 764 613 καὶ
779 548 980 628 καταβάλλων
993 551 1053 609 τῶν
1063 550 1141 609 θεῶν
1150 548 1189 609 τῶ
1197 545 1300 626 ἀγάλ·

189 675 278 730 ματα.
302 651 470 714 STANL.

236 753 309 816 810.
324 753 392 817 οὐδὲ
407 752 571 833 πηιπράναι
586 752 670 837 νεός]
686 754 797 815 Persas
812 753 998 816 Graecorum
1014 749 1132 837 templa
1145 748 1299 835 spoliame

190 869 223 918 et
236 877 387 917 cremasse
401 878 420 917 a
435 854 578 918 Diodoro
594 854 699 918 Siculo
714 854 873 940 proditum
894 868 940 917 est
956 874 988 937 5,
1006 855 1059 937 63.
1104 853 1155 914 De
1176 851 1298 936 quibus

190 955 283 1019 etiam
301 957 453 1019 Isocrates
471 956 502 1018 in
519 958 675 1041 Panegyr.
691 978 724 1041 p.
739 972 810 1039 105.
832 959 862 1018 ol
884 957 916 1019 δὲ
939 955 988 1019 καὶ
1006 957 1044 1018 τδ
1065 959 1124 1016 τῶν
1142 957 1221 1016 θεῶν
1244 954 1297 1031 ἕδη

192 1059 320 1124 καὶτοὺς
335 1056 407 1124 νεῶς
422 1062 520 1121 συλῶν
535 1060 569 1120 ἔν
582 1061 622 1143 τῶ
636 1056 769 1141 προτέρῳ
782 1055 904 1142 πολέμῳ
921 1058 968 1120 καὶ
983 1057 1154 1120 κατακαίειν
1168 1056 1296 1133 ἐτόλμη-

191 1185 260 1223 σαν.
306 1158 402 1223 Unde
421 1158 604 1222 Alexander
625 1157 709 1244 apud
734 1158 879 1222 Curtium
895 1178 994 1242 3,10,
1010 1178 1040 1241 9.
1063 1155 1208 1242 queritur
1229 1157 1297 1219 diis

190 1260 296 1324 dedito
312 1261 427 1346 templo
441 1262 548 1323 ricinia
563 1269 593 1323 et
607 1261 738 1344 ignibus
754 1258 810 1341 (ab
825 1259 914 1346 ipsis)
930 1280 995 1322 ease
1014 1259 1137 1329 ιίσίσίας
1163 1256 1296 1320 undeet

191 1362 303 1427 Cicero
319 1381 346 1427 2.
361 1363 392 1426 in
408 1365 498 1426 Verr.
515 1386 567 1425 eos
587 1363 651 1425 oto
668 1363 905 1448 hominibusque
925 1361 1039 1425 neuim
1060 1361 1218 1423 indiciue
1239 1359 1294 1423 ait.

191 1465 263 1542 Qua
277 1486 351 1529 veto
366 1465 483 1528 ratione
497 1465 556 1528 hoc
570 1465 687 1529 factum
704 1463 800 1527 velint
814 1463 874 1549 ipsi
890 1465 1005 1539 Persae,
1020 1462 1061 1525 ab
1076 1461 1186 1524 eodem
1201 1460 1297 1525 disci·

190 1586 272 1641 mua,
287 1565 328 1628 de
343 1566 456 1650 Legib.
474 1584 567 1643 2,10.
612 1567 681 1628 Nec
702 1586 825 1651 sequor,
846 1565 960 1650 inquit,
978 1585 1089 1649 magna
1103 1565 1293 1642 Personam,

190 1666 303 1752 quibua
317 1667 497 1729 sudoribus
512 1668 555 1728 X
550 1687 640 1729 ermes
656 1668 869 1752 iafiommoose
884 1666 998 1752 ternplo
1017 1668 1147 1729 Graeca'oe
1160 1666 1294 1744 elicitur,

189 1768 272 1855 quod
290 1769 467 1850 parietibus
486 1769 680 1831 includerent
701 1769 783 1845 dcco,
797 1769 911 1854 quibua
932 1771 1040 1832 osonio
1061 1768 1205 1831 deberem
1226 1789 1294 1833 ease

183 1871 334 1957 potentio
348 1879 379 1933 et
393 1870 500 1933 libero.
527 1869 633 1932 Aliam
651 1885 753 1932 tamen
769 1891 894 1933 causam
909 1868 1046 1954 assignat
1060 1868 1246 1933 Herodotus
1259 1888 1292 1955 5,

194 1991 265 2036 102.
288 1994 401 2058 nempe
423 1973 498 2058 quia
516 1971 725 2036 Athenienses
748 1971 900 2035 Sardibus
922 1970 1025 2056 ignem
1048 1970 1236 2049 intulissent,
1261 1988 1294 2037 et

191 2074 342 2160 templum
371 2074 506 2162 Cybeles
531 2074 686 2160 indigenas
711 2073 779 2138 deae
803 2087 1060 2137 concremassent.
1091 2074 1139 2136 καὶ
1167 2073 1294 2155 Σάρδιες

189 2177 255 2255 μὶν,
271 2175 383 2262 inquit,
400 2176 635 2256 ἐνεπρήσθησαν,
652 2178 686 2239 ἐν
708 2177 739 2238 δὲ
760 2176 864 2255 αὐτῇσι
887 2176 934 2238 καὶ
957 2177 1022 2256 ἱρὸν
1042 2176 1199 2258 ἐπιχωρίης
1220 2180 1294 2240 θεοῦ

192 2277 344 2358 Κυβήβης.
368 2280 536 2343 STANL.

235 2379 309 2442 811.
333 2378 358 2443 θ’
379 2402 440 2443 0111.
465 2396 526 2443 tres
547 2377 652 2457 codd„
673 2380 755 2442 inter
775 2402 856 2464 quos
871 2379 923 2456 M,
938 2393 969 2442 et
985 2375 1063 2441 Ald.
1079 2377 1198 2464 Agam.
1213 2395 1292 2463 527.

189 2481 288 2560 βωμοὶ
302 2479 326 2544 δ’
343 2482 441 2544 ἀϊστοι
457 2483 505 2545 καὶ
520 2486 597 2545 θεῶν
613 2482 762 2562 ἱδρύματα.

235 2582 308 2664 813.
326 2582 502 2668 δράσαντες]
516 2582 705 2665 πράσσοντες
720 2582 796 2646 Ald.
813 2580 887 2645 sola.

235 2684 307 2766 815.
338 2686 503 2748 ἐκπιδύεται
530 2683 724 2748 Schuetaius.
770 2682 860 2747 Libri
886 2683 1097 2754 ἐκπαιδεθεται,
1121 2681 1208 2767 quod
1233 2705 1292 2768 per

191 2786 309 2863 αὔξεται
323 2784 457 2871 explicat
472 2784 645 2848 scholiasta.
691 2792 711 2824 ‘⁴
730 2787 840 2869 Imago
854 2784 935 2847 enim
951 2783 1049 2871 petita
1064 2799 1162 2846 estex
1178 2799 1292 2848 natum

190 2885 333 2948 fonticuli
347 2902 402 2949 aut
419 2886 515 2970 putei,
527 2885 581 2972 qui
597 2908 658 2948 non
674 2885 762 2971 prius
775 2885 970 2964 exhauritur,
986 2908 1082 2972 quam
1097 2885 1137 2949 ad
1151 2885 1290 2949 fundum

190 2986 396 3072 perveneris.”
420 2987 520 3049 SCH.

235 3086 308 3150 816.
339 3087 557 3169 αἱματοσταγὴς
585 3085 776 3173 adscriptum
805 3088 837 3153 in
867 3090 907 3153 Β.
936 3104 969 3153 et
998 3090 1149 3154 Cantabr.
1175 3089 1289 3175 primo.

194 3187 297 3275 Vulgo
311 3189 547 3272 αίματοσφαγὴς.

235 3294 308 3374 817.
325 3293 376 3380 γῇ]
392 3297 432 3374 γᾶ
447 3291 525 3356 Ald.
539 3291 624 3356 Rob.
646 3297 705 3375 γῆν
720 3294 760 3357 Β.

235 3395 409 3480 Πλαταιῶν]
425 3393 563 3457 πλατίωυ
580 3395 628 3456 Μ.

234 3495 378 3579 Δωρίδος]
394 3495 535 3576 δωριάδος
551 3497 600 3560 M.
615 3494 729 3582 aliique
743 3493 896 3559 nonnulli.
941 3494 1034 3558 Conf.
1048 3492 1088 3557 ad
1103 3517 1132 3557 v.
1151 3513 1222 3576 270.

234 3597 308 3658 818.
351 3603 462 3677 νεκρῶν
498 3597 542 3681 δὲ]
580 3600 613 3660 δὲ
656 3603 767 3678 νεκρῶν
805 3595 916 3682 Steph.
952 3608 984 3659 et
1019 3618 1092 3682 pars
1131 3595 1288 3674 codicum,

190 3718 251 3760 non
268 3696 318 3759 M.

234 3799 306 3882 819.
332 3798 529 3886 σημανοῦσιν]
556 3804 752 3880 σημαινοῶσιν
778 3798 846 3883 (sic)
874 3821 912 3862 ex
937 3801 988 3863 M.
1012 3798 1151 3868 affertur.
1179 3800 1287 3879 σημαί-

189 3924 292 3964 νουσιν
308 3901 415 3986 Mooq.

232 4000 306 4067 820.
323 4001 392 4086 χρὴ]
409 4007 456 4065 δεῖ
469 4001 546 4065 Ald.
564 4002 638 4067 sola.

231 4101 376 4186 ὑπέρφευ]
394 4105 504 4189 δὐρτα
519 4104 654 4167 modum.
670 4103 842 4191 Phrynich.
861 4106 1016 4191 Apparat.
1035 4104 1173 4191 Sophist.
1189 4126 1221 4190 p.
1233 4122 1286 4189 51.

189 4205 294 4278 Μηδὲν
315 4203 457 4284 ὑπέρφευ.
482 4209 635 4283 Κρατῖνος.
659 4205 708 4267 ἐπὶ
733 4206 826 4285 (ἀντί)
852 4209 904 4268 τοῦ
924 4208 1016 4283 μηδὲν
1031 4207 1117 4287 ἆγον.
1133 4221 1164 4270 et
1184 4228 1216 4292 p.
1232 4208 1284 4290 69.

187 4297 279 4382 ’Ὑπὲρ
294 4304 327 4366 τὸ
343 4311 409 4386 φεῦ.
433 4307 498 4368 οἷον
517 4304 768 4386 ὑπερβαλλόντως
791 4306 839 4369 καὶ
861 4309 1066 4385 ἐκπληκτικῶς.
1091 4307 1125 4369 τὸ
1147 4309 1205 4388 γὰρ
1227 4313 1287 4387 φεῦ

189 4401 238 4464 tul
254 4404 419 4482 ἐκπλήξεως
434 4407 555 4469 τίθεται.
580 4405 754 4469 BLOMF.
