2978 5062
241 339 313 405 156·
411 342 426 395 -'
602 340 979 404 ANNOTATIONES

240 507 278 572 lis
291 509 384 589 ἱερεὺς
395 510 471 587 ίερία
483 507 574 589 ἱέραξ,
590 531 663 595 quoe
683 530 745 570 non
762 505 965 592 improbabile
979 518 1026 568 est
1039 503 1080 568 ad
1095 502 1225 568 eandem
1241 503 1341 590 legem

241 632 306 674 esse
320 611 502 688 revocanda,
519 607 603 674 nunc
618 609 694 674 nihil
710 608 871 672 decerno.‘'

255 756 260 765 -
285 711 407 798 εὐμενῆ]
432 713 488 776 Ab
508 714 630 776 effectu.
658 713 764 790 εὐμενῆ
786 734 844 797 pro
868 708 1080 788 εὐμενιστικὸν,
1101 709 1264 794 placatum
1284 729 1345 795 pro

235 814 421 899 placatoria
448 814 616 877 STANL.

284 915 456 999 παιύνισον]
482 918 648 980 παιώνισον
671 918 722 978 Μ.
742 915 786 995 (in
807 938 872 1000 qno
893 913 954 977 alia
968 935 1080 976 manus
1098 912 1260 976 παιύνισον
1273 933 1342 976 cor·

241 1017 345 1100 rexit.)
369 1034 401 1082 et
425 1018 534 1105 Steph.
581 1017 642 1081 Sed
668 1021 760 1081 παιὰν
782 1034 813 1081 et
832 1017 986 1094 παιανίζο,
1008 1015 1062 1078 ubi
1086 1014 1127 1079 de
1146 1014 1267 1101 hymno
1287 1031 1343 1078 aut

241 1119 375 1184 clamore
396 1120 515 1206 agitur,
532 1118 649 1204 ubique
671 1117 879 1183 scribendum.
926 1119 1058 1181 Frustra
1073 1130 1148 1180 sunt
1163 1117 1288 1180 Duker.
1302 1116 1342 1180 ad

243 1220 393 1306 Thucyd.
414 1242 440 1299 1,
456 1240 510 1305 50.
527 1222 633 1283 Wass.
649 1219 725 1283 ibid.
744 1238 775 1300 7,
791 1242 844 1299 44.
878 1219 951 1283 Vid.
967 1219 1115 1284 Valcken.
1133 1219 1174 1284 ad
1196 1218 1294 1283 schol.
1310 1219 1343 1282 in

242 1323 356 1408 Eurip.
375 1324 528 1388 Phoeniss.
546 1347 578 1410 p.
597 1343 668 1406 113.
708 1321 789 1386 Falli
808 1323 900 1386 etiam
920 1323 1036 1409 opinor,
1051 1322 1280 1387 Ruhnkenium
1302 1323 1344 1385 ad

243 1424 358 1487 Tirnaei
375 1427 456 1488 Lex.
479 1451 512 1512 p.
530 1445 604 1511 203.
621 1425 818 1511 nequeenim
835 1426 960 1489 Atticos
974 1425 1104 1488 eandem
1119 1446 1227 1487 vocem
1249 1423 1346 1488 modo

242 1527 412 1613 perhanc,
436 1527 530 1590 modo
554 1551 611 1614 per
631 1527 713 1590 illam
739 1527 875 1590 vocalem
898 1525 1046 1590 extulisse
1067 1525 1261 1590 crediderim.
1302 1527 1343 1590 In

244 1631 360 1713 Agorn.
376 1649 446 1691 101.
463 1643 545 1692 recte
561 1628 674 1714 iegitur
688 1631 793 1705 παιὼν,
809 1630 968 1701 medicum
991 1627 1091 1692 sedin
1109 1627 1251 1714 Choeph.
1266 1647 1343 1712 343.

244 1730 364 1815 corrige
377 1730 478 1793 παιάν.
502 1730 629 1794 Obduci
640 1732 768 1817 quidem
781 1731 899 1818 possint
910 1731 1003 1794 verbu
1018 1729 1190 1794 scholiastae
1202 1729 1346 1794 Platonis

243 1855 316 1920 pag.
340 1853 392 1911 44
415 1832 516 1912 ήτούς
535 1832 718 1916 λεγομένους
740 1840 885 1911 Παιᾶνος,
900 1835 1009 1912 ὐμνους
1031 1836 1073 1900 είς
1086 1832 1280 1911 Ἀπόλλωνα,
1295 1833 1344 1897 ἐπὶ

244 1938 426 2000 καταπαύσει
445 1943 563 2016 λοιμοῦ,
578 1936 597 2016 ἢ
612 1937 759 2015 Παιήονα,
776 1937 829 2001 τὸν
849 1942 909 1999 τῶν
931 1941 1007 1999 θεῶν
1030 1935 1141 2016 ἰατρὸν,
1157 1933 1175 2015 ἢ
1193 1942 1343 2008 Παιῶνος,

243 2038 282 2103 ὥς
298 2043 361 2110 νῦν,
378 2037 455 2122 ᾠδὰς
469 2038 517 2101 ἐπὶ
533 2039 653 2123 εὐτυχίᾳ
668 2040 716 2102 καὶ
731 2040 805 2124 νίκῃ,
822 2041 870 2102 διὸ
884 2042 973 2102 rorici
985 2037 1073 2119 μέγα,
1090 2038 1169 2115 ἔξού
1183 2038 1344 2100 scinctu-

243 2139 341 2214 νίζειν.
388 2140 449 2204 Sed
465 2140 491 2202 is
505 2140 545 2204 de
561 2165 619 2205 suo
639 2165 708 2205 aevo
728 2141 879 2227 loquitur.
924 2141 1030 2205 Facile
1044 2140 1122 2205 dilui
1145 2153 1247 2224 potest
1261 2136 1345 2201 diffi-

243 2241 343 2305 cultas
357 2264 430 2325 quoe
444 2265 484 2305 ex
501 2243 668 2307 Herodoto
680 2259 714 2329 5,
734 2265 761 2307 1.
778 2243 859 2307 nasci
875 2242 1028 2307 videatur.
1052 2242 1229 2306 BLOMF.

288 2344 361 2426 269.
377 2342 521 2428 νόμισμα]
539 2347 646 2409 Ritus.
672 2346 882 2410 Consuetudo.
907 2344 1019 2430 Eurip.
1039 2344 1113 2430 Iph.
1129 2346 1232 2409 Taur.
1250 2361 1344 2423 147¹.

244 2445 408 2530 Aristoph.
425 2447 513 2510 Nub.
531 2466 605 2528 247.
629 2449 803 2513 BLOMF.

288 2551 398 2614 θνατὸς
410 2549 479 2626 βοὴ,
498 2550 629 2613 Clamor
641 2553 696 2636 qui
710 2553 747 2613 τίι
761 2552 854 2614 rebus
868 2552 970 2614 racrie
984 2549 1114 2614 tollitur.
1131 2546 1267 2612 Casaub.
1292 2547 1346 2609 Ito

245 2649 341 2713 schol.
370 2652 411 2712 A.
440 2651 595 2718 θυστάδος·
620 2657 671 2729 τῆς
699 2657 779 2734 παρὰ
802 2659 865 2719 ταῖς
890 2653 1005 2718 θυσίαις
1030 2648 1201 2732 γενομένης.
1235 2646 1288 2729 ἀφ’
1311 2648 1346 2727 ής

245 2754 341 2816 ἐνίοτε
365 2753 413 2815 καὶ
437 2754 456 2831 ή
479 2752 591 2834 βάκχῃ.
614 2756 752 2832 σημαίνει
775 2757 834 2835 γὰρ
861 2754 909 2817 καὶ
933 2758 1031 2830 τοῦτο,
1057 2754 1105 2817 καὶ
1133 2752 1187 2831 τήν
1210 2753 1345 2831 καθαρὰν

245 2855 368 2930 ἐσθῆτα,
384 2855 422 2920 ὡς
443 2853 509 2935 παρ’
527 2847 680 2935 Εὐριπίδῃ.
715 2855 856 2941 Hesych.
880 2854 1045 2922 Θνστύδες.
1069 2857 1181 2936 νύμφαι
1202 2853 1290 2919 τινές.
1314 2855 1344 2916 αἶ

245 2955 355 3030 ἔνθεοι,
371 2958 419 3018 καὶ
433 2956 557 3038 βάκχαι.
604 2960 696 3031 Mox,
713 2960 846 3024 Θύστας.
871 2960 887 3020 d
911 2958 1005 3038 ἱερεὺς
1025 2960 1106 3037 παρὰ
1128 2959 1235 3036 Κρησί.
1282 2955 1345 3018 Sed

244 3056 304 3119 hoc
320 3057 435 3120 Dorice
457 3081 515 3144 pro
533 3061 648 3138 θύστης.
674 3058 818 3146 Sophoci.
835 3059 947 3144 Antig.
966 3078 1057 3142 1119.
1081 3057 1228 3124 θυστάδας
1249 3056 1345 3123 λιτάς.

247 3159 422 3223 BLOMF.

291 3279 361 3343 270.
377 3263 535 3348 πολέμιον]
553 3262 757 3329 scribendum
774 3266 926 3343 πολεμίων
940 3284 1011 3325 cum
1029 3260 1232 3325 Blomfieldo:
1258 3260 1345 3347 quod

247 3364 277 3426 in
300 3364 553 3451 interpretatione
574 3390 631 3430 sua
652 3367 756 3452 posuit
777 3364 940 3429 scholiasta
960 3363 1121 3427 recentior.
1154 3371 1178 3401 “
1193 3364 1345 3441 πολεμίων

246 3465 357 3546 φόβον,
373 3477 487 3530 nictum
501 3470 539 3532 ob
552 3469 653 3532 lurster
667 3478 854 3554 conceptum.
883 3469 972 3529 1061.
989 3472 1074 3544 δεῖμα
1088 3472 1230 3529 πολιτῶν.
1252 3466 1348 3529 Thu-

246 3569 317 3655 cyd.
337 3587 367 3649 7,
382 3588 434 3647 42.
450 3570 681 3652 ἀποχρήσασθαι
695 3575 730 3649 τῇ
745 3570 880 3647 παρούσῃ
894 3573 946 3631 τοῦ
962 3570 1181 3648 στρατεύματος
1196 3567 1345 3646 ἐκπλήξει.

247 3668 269 3731 i.
285 3692 312 3731 α.
335 3680 418 3732 metu
439 3671 476 3733 ob
489 3673 661 3732 excercitum
683 3673 752 3754 ejus
773 3670 945 3752 concepto.”
966 3670 1138 3732 BLOMF.
1177 3669 1252 3731 Alia
1268 3669 1346 3732 ratio

247 3794 277 3832 v.
302 3775 375 3834 216.
399 3771 452 3834 ubi
476 3772 622 3849 πολέμιον
636 3770 706 3852 δόρυ
728 3771 814 3834 alteri
839 3769 1002 3856 scripturoe
1023 3774 1175 3851 πολεμίων
1194 3787 1278 3835 recte
1299 3787 1346 3835 est

247 3872 421 3957 praelatum.

292 3991 364 4057 271.
380 3974 607 4058 πολισσούχοις]
623 3974 816 4055 πολισούχοις
832 3972 906 4036 Ald.
924 3974 1007 4038 Rob.

292 4093 365 4155 272.
388 4074 585 4159 πεδιονόμοις]
605 4077 668 4148 Qut
682 4096 807 4159 campos
822 4084 936 4138 tuetur.
977 4074 1132 4139 Stanleius
1145 4077 1219 4141 citat
1232 4076 1344 4162 virgil.

249 4175 366 4259 Georg.
386 4197 414 4251 1,
433 4195 483 4239 21.
501 4178 644 4263 Propert.
667 4195 698 4258 3,
719 4195 766 4259 13.
801 4176 852 4238 De
874 4177 985 4256 ἀγορᾶς
1007 4175 1179 4245 ἐπισκόποις
1200 4178 1265 4242 vid.
1290 4181 1350 4243 So-

248 4274 351 4360 phocl.
367 4276 446 4340 (Ed.
464 4279 543 4362 Tyr.
565 4280 633 4340 161.
651 4276 778 4339 Albert.
794 4276 833 4338 nd
851 4278 991 4362 Hesych.
1010 4302 1038 4340 v.
1054 4277 1212 4361 Ἀγοραῖος
1225 4279 1345 4362 Ἑρμῆς.

248 4375 369 4439 Polluc.
386 4396 413 4451 1,
424 4397 475 4461 23.
488 4379 939 4460 θεοὶ-πολιοῦχοι-ὐγοραῖαι.
963 4380 1038 4446 Ζεὺς
1050 4381 1194 4461 ἀγοραῖος
1207 4384 1345 4447 Eumen.
