2978 5062
347 345 414 407 AD
439 343 631 407 SEPTEM
655 340 904 406 ADVERSUS
929 339 1131 403 THEBAS.
1229 341 1292 402 143

189 503 337 591 quoedam
352 505 392 570 de
406 506 566 593 adjectivis
581 506 712 578 δέκατος,
729 506 842 577 ἔνατος,
859 502 1001 586 όγδόατος
1012 503 1156 590 exempla
1167 503 1292 580 docent,

190 621 274 670 recte
288 622 392 671 tamen
411 608 631 672 Valckenarius
640 606 798 693 judicasse
812 607 937 671 videtur
952 605 983 669 in
1000 607 1102 670 Diatr.
1117 606 1157 669 de
1169 606 1293 669 Aristo·

191 707 268 770 bulo
283 731 316 795 p.
333 729 402 792 119.
419 713 578 796 “Septem
594 710 690 773 duces
704 730 765 772 non
781 709 905 772 stabant
918 708 958 771 ad
973 718 1088 796 septem
1098 720 1222 796 portua,
1239 709 1293 773 sed

192 808 360 875 adstabant
382 829 543 898 portarum
567 812 717 897 septima,
737 811 842 875 forsan
862 811 894 874 in
911 810 1012 873 vicino
1033 811 1126 875 doris
1144 813 1294 876 altissimi

193 909 312 997 templo
327 911 424 996 κλήρῳ
439 910 599 995 λαχόντες,
614 913 729 989 sortiti,
744 934 839 997 quam
855 912 988 998 quisque
1003 912 1043 975 de
1062 928 1179 998 septem
1196 912 1295 999 portis

193 1010 251 1075 sibi
269 1013 398 1077 haberet
409 1013 576 1078 tuendam:
602 1014 740 1077 nondum
761 1012 802 1076 ad
825 1036 912 1076 suam
927 1036 1086 1099 quemque
1099 1014 1215 1078 ducum
1232 1030 1293 1078 sta·

194 1112 312 1177 tionem
327 1114 435 1179 missos
456 1115 554 1202 liquet
569 1140 607 1180 ex
623 1140 653 1178 r.
670 1118 743 1195 284.
784 1116 873 1179 Infra
887 1138 915 1179 v.
934 1117 1008 1199 631.
1032 1131 1101 1200 post
1120 1138 1174 1178 sex
1197 1116 1295 1179 duces

194 1216 361 1281 recensitos
382 1217 520 1295 hostiles,
543 1217 598 1304 qui
620 1240 707 1282 suam
731 1218 788 1282 sibi
809 1217 943 1304 quisque
965 1230 1088 1302 portam
1109 1217 1293 1282 Thebarum

194 1339 377 1404 expugnare
392 1331 591 1397 conarentur,

326 1422 379 1486 τδν
395 1423 525 1501 ἕβδομον
539 1421 574 1500 δὴ
588 1419 665 1486 τόνδ’
683 1420 730 1503 ἐφ’
747 1419 889 1501 ἑβδόμαις
902 1423 1010 1488 πύλαις

326 1521 364 1586 λέ
381 1549 415 1586 ω.

197 1529 380 1693 Ροίχαὶοοοξ
388 1608 549 1694 septimam
574 1621 694 1694 portam
718 1608 959 1694 aggrederetur:
984 1629 1023 1672 an
1047 1624 1078 1672 et
1104 1607 1155 1672 ille
1178 1625 1295 1693 septem

195 1722 301 1794 portas
324 1709 439 1773 simul?
471 1712 526 1773 An
551 1709 709 1773 Adrastus
737 1710 770 1773 in
800 1709 965 1796 Euripidis
994 1712 1186 1775 Phoenissis?
1224 1734 1295 1777 narn

197 1810 309 1874 Phoen.
326 1835 354 1873 v.
369 1832 423 1892 4¹·

325 1919 390 1979 ταῖς
406 1911 430 1976 δ’
447 1911 586 1992 ἑβδόμαις
595 1912 764 1994 Ἀδραστος
780 1915 814 1976 έν
828 1915 972 1978 πύλαισιν
986 1915 1052 1994 vlu?

244 2032 313 2097 129.
338 2014 459 2101 κράνος]
484 2017 639 2078 Potestas.
679 2016 730 2077 De
751 2037 884 2101 persona
905 2016 1055 2101 positum,
1070 2033 1107 2082 ut
1127 2019 1159 2082 in
1178 2021 1296 2104 Agam.

201 2131 271 2200 109.
288 2118 425 2197 δίθρονον
440 2118 555 2199 κράτος.
602 2117 653 2181 Sic
665 2126 803 2203 potestur
817 2115 903 2201 apud
920 2117 1062 2181 Latinos.
1087 2120 1261 2184 BLOMF.

244 2237 316 2302 130.
331 2219 498 2303 ῥυσίπολις]
515 2220 621 2305 Mosq.
633 2219 764 2305 primus.
801 2216 907 2302 Vulgo
919 2220 1100 2299 ῥυσίπολις.

240 2319 409 2403 ῥυσίπολις]
435 2321 549 2384 Urbem
569 2320 745 2406 defendens.
778 2322 909 2383 Homer.
929 2320 1020 2384 Iliad.
1044 2329 1079 2395 Z,
1096 2341 1170 2407 305.
1193 2322 1296 2387 Πότνι’

197 2418 352 2500 Ἀθηναίη,
376 2423 558 2502 ἐρυσίπτολι,
575 2422 629 2486 ubi
652 2422 771 2507 insigne
793 2435 841 2486 est
859 2422 1009 2485 scholium
1027 2423 1186 2488 Villoison.
1207 2433 1298 2489 πλεο·

199 2523 313 2602 νασμδς
328 2527 380 2586 τοῦ
395 2530 417 2585 ἓ·
440 2525 469 2586 ol
483 2526 515 2586 δὲ
529 2528 609 2605 παρὰ
625 2525 811 2610 Καλλιμάχῳ
831 2524 884 2589 τὸν
898 2526 950 2589 οὐκ
965 2526 1080 2607 άγαθδν
1095 2529 1297 2609 ἐρυσίπτολιν.

199 2627 300 2692 άλλως
317 2627 335 2705 ἡ
354 2631 481 2689 ποιοῦσα
504 2628 616 2707 έριπεῖν
637 2630 690 2693 τὰς
709 2624 821 2692 πόλεις.
845 2628 967 2706 άμεινον
987 2631 1019 2691 δὲ
1038 2631 1189 2711 ῥυσίπολι.
1211 2628 1298 2716 quod

199 2749 260 2813 ope
281 2726 396 2790 codicis
416 2727 579 2791 Leidensis
600 2751 650 2814 ap.
666 2729 794 2792 Ernest.
810 2728 959 2792 Addend.
975 2729 1006 2792 in
1023 2729 1147 2795 Callim.
1169 2733 1207 2795 fr.
1223 2734 1298 2816 463.

200 2827 244 2891 ita
258 2827 427 2915 legendum
444 2827 580 2905 videtur,
596 2832 676 2910 παρὰ
691 2832 723 2893 δὲ
739 2828 934 2915 Καλλιμάχῳ·
958 2832 1017 2895 τῶν
1034 2833 1086 2896 οὐκ
1101 2835 1221 2915 ἀγαθῶν
1237 2837 1300 2918 έρυ-

201 2927 342 2994 σίπτολιν
357 2977 451 2994 .....
468 2931 590 3009 ἄμεινον
605 2931 637 2992 δὲ
649 2933 816 3012 ῥυσίπτολι.
840 2932 1014 2996 BLOMF.

244 3032 355 3116 ίππιος]
379 3033 495 3098 ίππειος
516 3030 636 3115 aliquot
658 3032 749 3095 codd.
774 3045 807 3096 et
830 3032 907 3096 Ald.
932 3035 1016 3098 Rob.
1041 3038 1058 3098 ό
1082 3035 1107 3099 θ
1134 3038 1249 3105 ίππειος
1268 3037 1299 3101 in

200 3156 325 3197 versum
349 3134 528 3220 proximum
545 3133 692 3198 transfert
707 3133 784 3197 Ald.
822 3133 1029 3200 scribendum
1053 3158 1117 3201 uno
1136 3161 1227 3203 versu
1249 3143 1300 3222 ῥυ-

200 3237 450 3313 σέπολις-άναξ.

248 3356 319 3421 133.
336 3339 459 3419 μαχανᾷ
474 3351 537 3398 tres
551 3332 682 3399 codices.
706 3335 811 3420 Vulgo
824 3341 956 3419 μηχανᾷ.
982 3338 1182 3422 significatur
1196 3354 1300 3403 autem

200 3437 250 3501 his
271 3436 375 3501 verbis
396 3435 624 3523 hippocampus
648 3435 799 3523 Neptuni.
838 3436 952 3500 Strabo
967 3438 994 3500 8.
1019 3461 1050 3524 p.
1065 3439 1138 3523 348.
1162 3463 1181 3502 a
1204 3442 1302 3503 Bern-

200 3540 323 3628 hardyo
345 3537 477 3602 collatus
502 3536 663 3601 Eratosth.
687 3559 718 3623 p.
741 3538 791 3616 84.
819 3538 1007 3617 κατακλύσθη
1033 3541 1065 3602 δὲ
1087 3537 1192 3618 Ἑλίκη
1217 3540 1303 3604 δυσὶν

201 3643 284 3706 ἔτεσι
305 3641 363 3724 πρὸ
379 3645 439 3702 τῶν
454 3643 648 3720 Λευκτρικῶν.
670 3635 888 3720 Ἐρατοσθένης
908 3641 941 3702 δὲ
962 3640 1009 3703 καὶ
1029 3641 1117 3707 αιἰτδς
1139 3644 1212 3705 ίδεῖν
1227 3651 1304 3722 φησι

200 3743 255 3806 τὸν
269 3742 364 3807 τόπον
379 3741 427 3804 καὶ
443 3741 511 3807 τοὺς
525 3739 676 3821 πορθμέας
689 3739 793 3821 λέγειν
807 3741 846 3806 ὧς
869 3743 902 3804 έν
917 3746 956 3828 τῷ
973 3744 1054 3829 πόρῳ
1077 3742 1164 3824 όρθδς
1186 3743 1304 3822 ἑστήκει

201 3848 359 3908 Ποσειδῶν
374 3841 504 3925 χάλκεος
519 3841 598 3924 ἔχων
614 3838 801 3921 ίππόκαμπον
818 3841 901 3926 έντῇ
921 3845 999 3925 χειρὶ
1022 3845 1157 3907 κίνδυνον
1170 3843 1304 3925 φέροντα

200 3952 264 4014 τοῖς
278 3948 455 4011 δικττιεΰσιν.

244 4049 401 4111 Ποσειδὰν
417 4046 466 4108 Μ.
483 4044 545 4108 Vit.
570 4041 676 4127 Vulgo
691 4047 857 4106 Ποσειδῶν.
886 4044 1079 4131 Ambiguum
1096 4044 1127 4107 in
1143 4048 1188 4109 A.
1205 4045 1303 4134 scrip-

201 4165 302 4213 turam
318 4170 386 4212 esse
400 4144 563 4209 annotavit
578 4141 766 4206 Bruuclrius.

227 4236 319 4334 ¹134.
350 4245 460 4330 φόβον
486 4246 613 4309 A.B.C.
642 4242 767 4328 aliique.
805 4243 902 4306 Pauci
932 4243 1041 4326 φόνων.
1075 4245 1176 4329 φόβου
1199 4249 1304 4336 vulgo.

203 4339 306 4454 aas
321 4373 374 4435 M.

249 4493 320 4561 135.
340 4472 435 4553 Ἀρης
449 4469 604 4557 producta
618 4464 737 4553 syllaba
752 4462 854 4550 priore
868 4465 998 4532 dictum.
