2978 5062
252 330 296 397 78
613 327 992 393 ANNOTATIONES

248 523 391 565 παυστος.
408 496 550 585 Hesych.
573 498 722 562 Euststh.
737 497 778 562 ad
795 495 836 563 ll.
847 504 887 562 X.
904 519 937 585 p.
952 498 1089 579 1260,4
1102 495 1306 577 Ἐνθυμητέον
1319 500 1353 561 δέ

249 601 377 664 ἐνταῦθα
392 598 441 662 καὶ
455 598 549 660 ὅτιτὸ
569 598 756 677 σβέννυσθαι
775 601 811 664 οὐ
828 600 923 679 μόνον
940 600 989 664 ἐπὶ
1010 601 1111 680 πυρὸς,
1127 601 1210 662 άλλδ
1232 600 1281 662 καὶ
1302 599 1353 662 ἐπὶ

248 701 363 764 άλλοιν.
379 700 417 766 ὥς
430 703 577 781 μυριαχοΰ
590 700 739 781 φαίνεται.
763 701 798 763 ἐν
812 701 856 767 οἷς
877 702 926 764 καὶ
943 700 977 764 τδ
993 699 1057 764 καθ
1078 699 1353 782 Ἡσίοδον-γάλα

248 803 341 882 αίγόν
364 799 642 880 σβεννυμενάων-
667 801 745 887 (Op.
771 820 805 878 2,
830 801 919 884 209.)
945 802 963 864 ὅ
987 803 1052 865 ἐστι
1074 801 1277 881 παυσαμένων
1297 805 1352 864 τοῦ

248 901 398 981 θηλάζειν.
425 903 543 987 Agam.
566 901 640 965 888.
675 889 766 981 Ἐμοί
791 926 829 983 γε
852 904 910 981 μὲν
934 901 971 981 δὴ
994 901 1171 982 κλαυμάτων
1194 904 1353 966 ἐπίσστποι

248 1004 350 1086 Πηγαί
372 1004 606 1084 κατεσβήκασιν.
630 1019 661 1067 et
681 1007 755 1087 960.
780 1004 865 1067 ἐστιν
886 1003 1048 1077 θάλασσα;
1071 1005 1115 1070 τίς
1136 1002 1171 1067 δέ
1192 1028 1240 1067 νιν
1260 1028 1351 1067 κατα-

247 1106 377 1185 σβέσεις
416 1107 503 1169 Pers.
530 1106 606 1190 584.
638 1103 760 1185 Μητρδς
788 1106 821 1168 δέ
850 1105 949 1187 πηγὴν
977 1106 1022 1171 τίς
1047 1103 1233 1184 κατασβέσει
1262 1109 1347 1185 δίκη;

288 1323 364 1393 534.
379 1309 440 1371 τόδ’
455 1305 593 1392 ἐμμένοι]
609 1310 677 1372 τάδε
690 1307 776 1387 μένοι
790 1306 868 1372 Ald.
884 1308 990 1371 Turn.

289 1424 366 1494 535.
383 1410 532 1493 ἐκτακείη]
549 1410 711 1472 Memorio
725 1411 863 1473 οαιίάαί.
898 1408 950 1473 Sic
965 1407 1082 1473 Critias
1095 1430 1148 1495 ap.
1162 1408 1282 1474 Athen.
1296 1430 1349 1474 10.

247 1532 280 1597 p.
296 1530 361 1592 432
376 1510 418 1573 E.
434 1508 560 1588 λῆσιςδ’
577 1509 691 1588 ἐκτήκει
705 1511 898 1590 μιημοοθνην
912 1511 1075 1591 πραπίδων.
1121 1511 1199 1574 Post
1213 1509 1349 1591 ἐκτακείη

246 1633 368 1674 comma
379 1625 526 1697 ponatur.
570 1612 651 1674 Nam
667 1613 736 1674 τόδε
749 1610 791 1674 ud
805 1609 966 1696 sequeutia
979 1610 1125 1690 resonum
1139 1613 1194 1691 ἡδί
1207 1637 1237 1677 τι
1249 1627 1310 1677 etc.

289 1714 365 1797 538.
381 1714 514 1776 Comma
527 1710 560 1775 in
574 1711 733 1776 codicibus
747 1710 905 1775 nonnullis
920 1734 981 1777 non
992 1727 1075 1791 ante,
1086 1713 1142 1778 sed
1153 1728 1224 1801 post
1234 1722 1362 1797 φαναῖς.

247 1813 395 1899 positum.
421 1812 628 1877 Manifestum
645 1835 719 1877 vero
733 1820 844 1895 φαναῖς
857 1813 963 1900 aptius
976 1813 1017 1878 ad
1033 1815 1242 1897 εὐφροσύνας,
1257 1818 1346 1904 quod

247 1913 386 2001 epitheto
400 1929 479 1979 esset
493 1914 677 1992 cariturum,
694 1914 803 1978 referri
816 1936 911 2000 quam
926 1915 967 1980 ad
983 1914 1097 1980 ἐλπίσι.

289 2031 365 2100 540.
394 2016 568 2102 δερκομίνη]
602 2015 808 2080 Scribendunl
838 2016 1001 2098 δερκομένα
1029 2039 1069 2081 ex
1097 2017 1185 2083 A.B.
1215 2018 1347 2107 alliaque

289 2235 365 2304 541.
380 2221 457 2284 Post
471 2220 696 2300 διακναιόμενον
709 2217 894 2283 exciderunt
908 2217 1036 2305 syllabae
1050 2232 1201 2305 quattuor
1213 2255 1237 2268 -
1248 2256 1272 2269 -
1282 2255 1304 2284 υ
1314 2257 1347 2286 -.

289 2340 366 2405 543.
388 2319 423 2384 ἐν
445 2323 503 2406 ίδίφ
524 2324 626 2403 γνώμη
647 2322 766 2406 (γνάμφ
786 2319 877 2385 uodd.
892 2319 990 2406 duo)]
1005 2320 1050 2399 ἐν,
1064 2344 1132 2407 quo
1143 2320 1213 2386 libri
1227 2338 1346 2400 ualent,

246 2443 286 2486 ex
313 2421 490 2487 Blomfieldi
518 2422 654 2488 editione
678 2421 814 2509 irrepsit,
836 2421 892 2507 qui
919 2421 1092 2486 Burneium
1118 2434 1186 2486 erat
1210 2437 1345 2489 secutus.

246 2522 312 2587 Alii
326 2522 387 2587 alia
401 2525 601 2609 conjeoerunt
612 2545 693 2587 verae
707 2522 808 2609 ignari
822 2522 985 2608 scripturae
999 2523 1113 2608 αι’σόνφ
1124 2525 1238 2609 γνάμη,
1250 2526 1343 2612 cujus

244 2623 399 2710 glossema
413 2638 459 2687 est
471 2626 529 2709 ἰδίη
541 2625 652 2706 γνώμη.
677 2624 729 2688 Sic
740 2624 925 2705 οίπθγνιιτοο
935 2623 1022 2710 apud
1037 2623 1135 2709 Soph.
1145 2624 1256 2712 Antig.
1269 2628 1344 2712 875.

246 2747 303 2812 per
318 2726 500 2806 ίδιογνάμαν
513 2723 649 2810 explieat
663 2726 773 2810 Etym.
790 2726 839 2788 M.
854 2747 889 2811 p.
902 2742 975 2809 173,
990 2727 1046 2810 38.

290 2825 393 2912 σέβει]
411 2824 502 2889 Libri
518 2824 608 2904 σέβη.

287 2946 363 3012 544
378 2926 516 3014 θνατοὺς]
534 2926 656 3007 θνητοδτ
670 2925 748 2991 Ald.
764 2926 849 2991 Rob.

288 3045 329 3111 54
330 3029 471 3112 5-560.
490 3028 606 3091 Versus
620 3027 652 3092 in
667 3027 739 3093 edd.
754 3042 832 3092 vett.
849 3027 892 3091 sic
906 3025 1008 3104 divisi,
1024 3026 1090 3109 φέρ’
1106 3029 1185 3096 ὅπως
1198 3029 1303 3113 άχορις
1320 3032 1327 3114 Ι

245 3128 331 3213 χάρις
368 3126 437 3215 Ιτίς
457 3163 502 3178 -
519 3126 526 3215 Ι
544 3131 754 3211 θλιγοδρανίην
774 3166 819 3178 -
834 3132 841 3213 Ι
858 3129 892 3193 τὸ
935 3134 1044 3209 φυτῶν
1062 3165 1105 3178 -
1125 3128 1131 3215 Ι
1149 3130 1325 3218 οὔκοτε-Ι

244 3232 401 3311 παρεξίασι
415 3231 535 3311 βουλαί·
556 3228 562 3317 Ι
581 3231 736 3310 ἐμοθον-
754 3230 760 3317 Ι
777 3227 994 3312 πρασιδοῦσ’-·
1012 3228 1019 3316 Ι
1036 3228 1071 3293 τὸ
1086 3233 1300 3313 διαμφίδιον-
1317 3232 1324 3317 Ι

244 3331 348 3396 τόθ-
365 3331 372 3420 Ι
391 3332 449 3396 σδν
462 3334 664 3413 ὖμεναίουν-
682 3331 688 3419 Ι
706 3332 861 3414 ἤγαγες-
879 3329 885 3417 Ι
904 3332 1051 3395 πιθδν-.

286 3449 363 3518 545.
386 3435 491 3518 άχαρις
512 3434 598 3518 χάρις
620 3433 712 3499 οοάά.
735 3432 877 3520 plerique
898 3445 929 3494 et
950 3433 1053 3495 Turn.
1069 3432 1157 3515 χάρις
1171 3434 1276 3518 άχαριε
1291 3435 1341 3499 Μ.

242 3535 358 3621 aliique
380 3535 520 3600 nonnulli
543 3550 575 3601 et
598 3535 675 3601 Ald.
702 3535 785 3602 Rob.
809 3535 920 3622 steph.
965 3534 1165 3599 constructio
1189 3550 1247 3613 est,
1273 3535 1341 3618 φέρ’

243 3638 318 3714 είπέ,
334 3639 412 3704 ὅπως
426 3639 532 3719 άχαρις
545 3637 640 3721 χάριν.
662 3637 752 3721 χάριν
766 3637 874 3720 άχοριν
889 3635 1073 3700 beneficium
1087 3652 1178 3701 vocat
1197 3660 1255 3722 pro
1275 3660 1342 3723 quo

242 3736 393 3802 damnum
409 3751 596 3822 reportatur.

284 3841 360 3925 546.
383 3841 459 3916 είπέ,
481 3845 539 3904 ποῦ
560 3843 604 3908 τίς
626 3839 717 3923 άλκά]
735 3839 801 3904 εἰπέ
821 3863 879 3905 που
895 3842 939 3907 τίς
954 3839 1057 3925 vulgo.
1081 3842 1146 3905 είπέ
1160 3843 1218 3904 ποῦ
1231 3864 1275 3908 τις
1290 3841 1340 3904 M.

242 3957 334 4021 recte,
350 3940 407 4005 nisi
423 3939 508 4027 quod
524 3940 781 4029 interrogativum
797 3943 841 4008 τίς
855 3941 1097 4028 praeferendum.

284 4061 362 4125 547.
376 4043 435 4129 τίς]
453 4043 499 4109 τίς
514 4041 539 4106 δ’
555 4043 639 4108 Rob.

283 4146 359 4228 548.
375 4145 588 4226 ὀλιγοδρανίαν
600 4145 739 4211 Α.Β.Μ.
754 4144 879 4232 aliique.
924 4142 1029 4231 Vulgo
1043 4145 1263 4226 ὀλιγοδρανίην.

282 4265 360 4330 549.
376 4248 539 4331 ἰσόνειρον]
557 4246 741 4312 Notandum
757 4245 907 4333 syllabam
922 4244 1055 4332 primam
1071 4244 1210 4331 produci.
1237 4247 1340 4322 Quam

242 4367 417 4414 mensuram
441 4371 502 4414 non
525 4349 624 4414 solum
646 4349 677 4414 in
700 4347 855 4434 adjectivo
876 4349 993 4416 ἰσόθεος
1013 4347 1172 4435 epioorum
1195 4346 1341 4434 exemplo
