2978 5062
248 342 314 406 240
612 342 989 408 ANNOTATIONES

249 526 353 576 tamen
369 510 564 576 verisimilius
577 529 633 590 est,
649 513 817 577 articulum
829 516 897 581 τοὺς
911 528 984 577 ante
996 516 1189 596 Μιτραγαθὴς
1198 515 1240 580 ab
1250 517 1356 582 aliena

249 635 345 677 manu
360 613 522 690 insertum,
540 612 726 700 AEschylum
741 629 846 679 autem
861 614 905 680 ita
920 615 1094 703 scripsisse:

553 760 619 825 οἵτ’
636 763 746 826 ἐπίπαν
760 761 951 843 ἠπειρογενὲς

466 863 645 947 κατέχουσιν
660 864 755 936 ἔθνος,
772 865 967 946 Μιτραγαθῆς

464 965 588 1047 Ἀρκεύς
601 965 625 1028 τ’
640 965 762 1049 ἀγαθὸς,
778 970 911 1052 βασιλῇς
925 967 1030 1030 δίοποι·

249 1119 318 1182 οοίο
332 1134 402 1205 post
418 1121 515 1182 δίοποι
528 1118 641 1204 posito,
656 1117 701 1181 ita
716 1133 751 1181 ut
768 1139 808 1181 ex
822 1116 1078 1181 antecedentibus
1099 1117 1354 1205 subintelligatur

250 1221 383 1285 ἕπονται.
429 1222 561 1284 Sensus:
586 1221 742 1307 Sequitur
756 1241 828 1284 vero
842 1222 938 1284 etiam
955 1222 1058 1286 mollis
1071 1222 1234 1308 Lydorum
1246 1245 1350 1308 popic-

250 1323 315 1399 lus,
344 1333 374 1387 et
398 1326 454 1410 qui
479 1345 584 1387 omnes
605 1332 720 1410 gentes
747 1324 784 1385 ia
809 1323 867 1385 ὶίία
895 1326 1069 1388 continente
1097 1334 1192 1389 ααιαι
1217 1326 1352 1411 imperio

249 1436 379 1513 regunt,
402 1425 632 1512 Mitragathea
646 1435 676 1490 et
683 1427 791 1510 fortir
809 1425 941 1503 Ατανιις,
962 1429 1106 1512 ρταρθοιί
1127 1429 1223 1514 regii.
1247 1429 1350 1493 SCH.

250 1528 350 1590 Recte
388 1527 574 1591 Schuetzius
603 1529 634 1591 οἵ
659 1525 683 1589 τ’
713 1525 836 1591 divisim
867 1528 989 1615 scripsit
1017 1529 1249 1615 articulumque
1282 1530 1351 1598 τοὺς

250 1626 374 1693 delevit.

293 1728 509 1815 Μητρογαθὴς]
524 1731 720 1811 Μητρογαθὴς
732 1731 783 1794 Μ.
795 1745 827 1795 et
839 1733 929 1796 Cant.
945 1733 1074 1818 primus.
1097 1733 1288 1814 Mtrpoyotihs
1302 1737 1348 1798 A.

248 1854 281 1906 et
295 1856 357 1905 tres
370 1839 432 1905 alii.
459 1827 661 1923 Μητρθγαθὴς
683 1843 723 1906 Β.
761 1843 953 1925 Μιθρογαθὴι
974 1845 1019 1907 D.
1042 1842 1127 1907 unde
1142 1842 1349 1907 Blomlieldus

250 1944 455 2024 Μιθραγαθὴς,
471 1943 629 2006 nominee
644 1946 762 2027 Μίθρας
777 1944 956 2008 derivando.

291 2066 345 2127 44.
359 2045 497 2127 Ἀρκτεὺς
511 2048 561 2109 Μ.
576 2046 702 2133 aliique,
719 2061 755 2111 ut
769 2069 877 2111 omnes
891 2047 972 2110 inl'ra
985 2070 1016 2111 v.
1031 2065 1106 2131 312.
1143 2046 1210 2110 Alii
1224 2046 1348 2129 Ἀριεὺς

250 2163 286 2214 ut
301 2148 407 2234 vulgo.
443 2147 585 2230 Ἀρητεὺς
600 2150 685 2214 Rob.
700 2149 786 2236 quod
801 2173 840 2213 ex
855 2148 994 2231 Ἀρκτεύς
1008 2167 1201 2237 corruptum.

290 2249 437 2336 βασιλῆς]
455 2250 546 2315 Libri
559 2251 673 2338 partim
690 2251 732 2317 sic
746 2252 859 2338 purtim
875 2259 1026 2332 βασιλεῖς.

292 2357 402 2438 δίοποι]
429 2353 568 2437 Hesyclr.
593 2357 710 2419 Δίοποι.
738 2356 920 2436 ἐπιμεληταί
943 2354 1087 2419 Erotion.
1109 2377 1141 2441 p.
1158 2373 1208 2417 21.
1232 2358 1345 2438 Διόπιρ.

248 2462 287 2543 τῷ
309 2461 360 2536 τῆς
383 2455 451 2536 νηὸς
474 2459 643 2537 ἐπιμελητῇ.
666 2459 747 2538 παρὰ
765 2457 797 2520 τὸ
813 2457 985 2521 διοπτεύειν.
1010 2455 1114 2542 (Male
1129 2458 1276 2521 διοπεύειν
1290 2459 1344 2521 do.

249 2558 411 2623 Meursius
426 2559 515 2622 Lect.
532 2562 605 2623 Att.
620 2577 655 2643 3,
674 2560 741 2640 12.)
756 2556 875 2637 Ἀττικλ
890 2560 922 2622 δέ
936 2559 955 2638 ἡ
968 2558 1058 2637 λέξις,
1075 2557 1193 2639 κειμίνη
1215 2560 1263 2622 καί
1275 2558 1344 2639 παρ’

247 2661 462 2744 Ἀριστοφάνει
483 2663 518 2725 ἐν
536 2659 683 2728 Ἀττικαῖς
704 2660 818 2739 λέξεσι,
835 2661 883 2724 καί
905 2659 973 2742 παρ’
989 2662 1132 2745 Αίσχύλιρ
1157 2662 1191 2725 ἐν
1210 2663 1344 2746 Σισύφῳ,

248 2767 297 2830 καί
312 2764 454 2845 Εὐριπίδῃ
476 2764 510 2826 ἐν
531 2760 708 2846 Ἱππολύτῳ.
744 2764 933 2849 Harpocrat.
949 2765 1062 2832 Δίοπος
1083 2763 1205 2846 λέγεται
1227 2764 1344 2837 verberi

247 2865 356 2932 διέπων
376 2866 424 2928 καὶ
443 2865 613 2929 ἐποπτεύων
631 2867 668 2928 τὰ
690 2868 762 2929 κατὰ
784 2865 839 2943 τὴν
861 2869 944 2942 ναῦν,
966 2868 983 2929 d
1002 2865 1070 2948 παρ’
1085 2868 1161 2946 ἡμᾶς
1182 2868 1345 2948 λεγόμενος

249 2973 400 3035 ἐπίπλους.
430 2967 569 3054 Hesych.
583 2966 736 3032 Ἀδίοπον.
752 2969 896 3050 ἄναρχον,
911 2969 960 3030 καί
974 2969 1157 3050 ἀφύλακτον.
1191 2969 1344 3049 Αίσχύλος

249 3069 371 3153 Φρυξίν.
395 3071 491 3134 δίοποι
506 3074 564 3152 γὰρ
578 3074 607 3136 σί
621 3077 672 3150 τῆς
687 3073 760 3138 νεὼς
774 3072 918 3151 φύλακες.
942 3071 1116 3135 BLOMF.

291 3188 345 3257 45.
364 3170 427 3258 καὶ]
442 3176 496 3257 χαί
511 3173 725 3251 Blomfleldus,
742 3185 825 3236 recte
839 3172 977 3237 fortasse.
1001 3176 1049 3238 καὶ
1063 3177 1095 3238 αἱ
1108 3174 1252 3238 πλονσίαι
1266 3173 1342 3253 Στίρ-

246 3282 305 3344 δεις
320 3276 351 3339 in
367 3276 618 3363 interpretatione
633 3299 689 3340 sua
702 3275 809 3363 posuit
823 3276 994 3342 scholiasta

288 3380 472 3462 πολύχρυσοι
494 3378 628 3462 Σάρδεις]
655 3379 728 3441 Ηοο
750 3378 910 3464 epitheton
929 3380 996 3465 jam
1019 3377 1091 3442 inde
1114 3376 1253 3464 aGygis
1273 3400 1342 3440 aevo

244 3481 396 3546 Sardibus
424 3497 456 3545 et
486 3482 651 3568 Lydorum
681 3479 807 3566 regibus
832 3495 1016 3545 accreverat.
1056 3478 1268 3544 Archilochus
1289 3501 1339 3565 ap.

246 3584 407 3649 Plutarch.
425 3583 464 3647 de
480 3583 589 3647 Animi
607 3586 728 3670 Tranq.
751 3606 782 3669 p.
799 3584 872 3668 835.
887 3585 934 3648 Οὔ
947 3609 998 3664 μοι
1012 3586 1049 3647 rb
1064 3585 1164 3665 Γύγεω
1179 3588 1232 3646 τοῦ
1249 3590 1341 3646 πολυ·

243 3691 357 3771 χρύσον
371 3683 467 3764 μέλει.
490 3684 637 3772 Alpheus
651 3684 683 3747 in
700 3684 833 3749 Anthot.
853 3705 880 3762 1,
896 3703 944 3750 12.
961 3687 1060 3765 ὄλβον
1073 3686 1275 3767 πολύχρυσον,
1291 3685 1341 3747 ola

244 3791 354 3871 Γύγεω.
379 3787 526 3850 Nicolaus
548 3810 598 3872 ap.
618 3786 703 3850 Stob.
724 3807 772 3865 14.
789 3810 820 3873 p.
838 3788 889 3869 87.
913 3790 929 3849 ὁ
945 3791 1049 3850 Λυδῶν
1067 3792 1126 3849 τῶν
1141 3787 1340 3868 πολυχρύσων

243 3892 328 3970 ἅναξ.
363 3888 477 3975 Eurip.
496 3888 568 3975 lph.
584 3888 662 3952 Aul.
679 3890 752 3969 786.
778 3891 808 3952 αἱ
829 3889 1014 3971 πολύχρυσοι
1035 3888 1129 3952 Λυδαί
1151 3888 1199 3951 καί
1214 3892 1341 3967 Φρυγῶν

242 3995 360 4076 ίίλοχοι.
385 3992 553 4078 Inscriptio
567 4016 617 4079 ap.
631 3993 765 4055 Pausan.
786 4011 814 4068 1,
831 4012 880 4076 13,
901 4009 948 4054 12.
965 3992 1036 4054 Αἵδε
1050 3988 1114 4053 ποτ’
1126 3988 1236 4053 Ἀσίδα
1249 3993 1340 4070 γαῖαν

243 4099 413 4178 ἐπόρθησαν
435 4098 634 4178 πολύχρυσον.
671 4094 721 4157 Sic
747 4092 828 4157 infra
848 4110 900 4177 53.
926 4095 1075 4172 Βαβυλὼν
1096 4094 1115 4171 ἡ
1140 4094 1339 4174 πολύχρυσος.

243 4200 380 4284 Mycena
401 4198 492 4262 etiam
516 4196 603 4285 apud
624 4197 801 4259 Homerum
823 4193 914 4258 audit
934 4196 1132 4276 πολύχρυσος,
1148 4195 1188 4258 ab
1205 4192 1339 4257 Horatio

242 4317 350 4365 vocata
365 4305 443 4366 dites
459 4303 613 4388 Mycena,
630 4301 734 4363 Carm.
756 4317 784 4374 1,
802 4315 831 4380 7,
847 4318 878 4379 9.
902 4296 1075 4359 BLOMF.

284 4405 338 4481 46.
360 4410 486 4471 πολλοῖς
500 4401 641 4487 ἅρμασιν]
657 4400 767 4481 ἅρμασι
788 4405 914 4466 πολλοῖς
934 4396 1113 4463 Βτυοαίιίυο
1127 4397 1264 4462 numeris
1278 4395 1337 4460 elc-

239 4504 443 4590 gantioribus.
