2978 5062
301 360 370 425 AD
393 361 585 425 SEPTEM
609 359 857 425 ADVERSUS
882 359 1083 423 THEBAS.
1177 357 1241 420 155

184 528 256 612 263.
271 528 344 613 σὺν]
364 529 570 594 Scribendum
586 529 640 608 ξὺν
653 551 727 593 cum
742 526 914 592 Brunckio.

182 630 338 715 πείσομαι]
355 635 475 711 οἴσομαι
491 632 641 696 Cantabr.
659 631 790 718 primus.
813 630 928 712 Eurip.
941 627 1096 692 Phoeniss.
1108 646 1180 712 909.
1196 624 1241 689 Tb

138 727 264 809 ulmos,
285 735 313 796 cl
333 733 401 816 χρὴ,
422 735 573 812 πείσομαι·
598 736 629 799 τί
648 737 706 816 γὰρ
727 733 831 805 πόθος
857 732 911 796 ubi
934 730 1031 794 schol.
1052 732 1085 793 in
1106 731 1180 793 MS.
1197 729 1241 793 R.

138 832 224 917 apud
241 832 429 910 Porsonum‚
446 832 530 896 hunc
547 857 668 896 versum
685 832 801 896 laudat.
827 832 1001 894 BLOME.

184 934 257 998 266.
274 934 406 998 Comma
421 950 492 1019 post
506 937 635 1015 κρείσσω
650 934 756 1020 posuit
772 931 958 997 Brunckius.

182 1034 351 1118 ξυμμάχους
366 1037 470 1100 Viteb.
494 1036 666 1118 συμμάχους
680 1034 785 1120 vulgo.

184 1138 258 1202 268.
274 1138 458 1222 ὀλολυγμὸν]
470 1139 656 1201 Femiraerrm
668 1138 834 1200 ululatum.
857 1133 1031 1213 Ὀλολύξαι,
1047 1134 1095 1197 καὶ
1108 1135 1241 1214 ὀλολνγγ

140 1237 322 1320 χρήσασθαι,
338 1242 387 1304 ἐπὶ
400 1245 549 1321 γυναικῶν
565 1238 687 1302 Polluc.
706 1259 735 1315 1,
753 1257 802 1318 27.
841 1237 969 1323 Optime
983 1234 1148 1320 distinguit
1171 1234 1241 1302 Xe.-

140 1340 234 1426 noph.
251 1342 358 1405 Anab.
374 1363 406 1421 4,
422 1363 464 1428 3,ι
479 1362 529 1426 19.
556 1341 725 1417 ἐπαιάνιζον
738 1341 849 1409 πάντες
863 1343 892 1404 ol
907 1345 1092 1422 στρατιῶται,
1109 1337 1157 1401 καὶ
1171 1339 1241 1416 ἀνη-

139 1441 281 1518 λάλαζον.
304 1445 511 1521 ξυνωλόλυζον
526 1447 559 1508 δὲ
572 1444 620 1508 καὶ
638 1446 669 1508 αἱ
683 1451 821 1525 γυναῖκες
837 1444 959 1508 ἅπασαι.
984 1443 1082 1507 Plura
1096 1461 1241 1527 quoerens

139 1543 231 1607 adeat
246 1545 416 1630 Spunhem.
428 1545 468 1609 ad
482 1545 663 1611 Callimach.
682 1548 727 1608 H.
742 1544 813 1609 Del.
827 1546 898 1629 258.
915 1558 946 1608 et
960 1544 1000 1608 ad
1016 1543 1138 1607 Julian.
1156 1545 1238 1629 Imp.

139 1667 170 1729 p.
188 1664 259 1730 234.
277 1648 387 1734 Syrtes.
404 1650 468 1734 Ep.
484 1672 515 1735 p.
534 1651 597 1729 164
608 1650 648 1712 C.
665 1650 780 1730 ἀνδρῶν
794 1649 917 1730 οἰμωγὴ,
932 1652 1080 1730 γυναικῶν
1095 1645 1238 1728 ὀλολυγή.

142 1748 375 1834 Virg.finriaeo
389 1752 525 1815 ululatu.
549 1752 682 1825 ὀλολύξαι
696 1749 782 1836 apud
794 1766 913 1814 veteres
928 1771 989 1812 non
1011 1748 1067 1812 nisi
1090 1748 1123 1811 in
1145 1748 1239 1812 rebus

138 1849 218 1915 loetis
240 1853 397 1938 usurpari,
422 1852 542 1917 notavit
568 1851 788 1916 Hemsterhus.
814 1852 855 1914 ad
878 1850 1013 1915 Lucian.
1035 1853 1077 1913 T.
1101 1871 1126 1913 1.
1152 1872 1186 1935 p.
1208 1867 1238 1932 7.

140 1953 317 2025 BLOMF.

152 2100 156 2105 -
174 2053 264 2140 btv]
281 2054 483 2121 Scribebatur
499 2057 589 2137 ἱερόν.
618 2056 766 2119 Formam
782 2052 967 2141 disyllabam
984 2053 1137 2139 AEschylo
1152 2053 1240 2117 resti-

140 2154 185 2219 tui
201 2155 297 2221 hicet
312 2157 425 2240 fragm.
436 2177 510 2241 312.
526 2161 585 2220 ποῦ
599 2155 623 2220 δ’
640 2157 723 2220 ἔστιν
735 2155 863 2237 Ἀργοῦς
878 2156 952 2236 ἱρὸν,
970 2156 1111 2226 αὔδασον,
1127 2155 1219 2233 ξύλου
1227 2178 1238 2233 ;

139 2257 188 2320 Ad
213 2258 310 2344 Soph.
326 2259 405 2323 (Ed.
427 2258 496 2323 Col.
518 2261 567 2322 16.
593 2258 647 2320 ubi
669 2256 766 2342 vulgo
785 2257 817 2320 in
839 2257 928 2320 initio
949 2255 1079 2319 trimetri
1101 2261 1196 2337 χῶρος
1213 2254 1238 2319 δ’

138 2358 181 2440 ὅδ’
198 2363 274 2441 ἱερός
295 2361 458 2447 legebatur
476 2362 543 2424 haec
557 2360 629 2423 olim
650 2358 795 2424 annotavi
814 2359 848 2422 in
871 2357 1054 2444 praefatione
1068 2357 1108 2420 ad
1125 2358 1240 2421 Poetas

138 2462 272 2526 scenicos
286 2487 320 2551 p.
337 2462 402 2528 xiii.
419 2470 438 2499 “
449 2460 585 2524 Restitui
603 2462 674 2542 ἱρὸς,
690 2460 776 2546 quod
799 2459 915 2523 librarii
935 2483 973 2523 ex
997 2475 1158 2545 poetarum
1175 2460 1237 2523 At-

139 2561 270 2627 ticorum
287 2564 403 2628 fabulis
418 2578 480 2627 tam
497 2563 636 2627 studiose
646 2561 836 2648 expulerunt
847 2578 883 2626 ut
894 2586 965 2627 raro
976 2561 1006 2625 in
1021 2561 1106 2625 libris
1116 2560 1239 2647 scriptis

137 2681 316 2750 compareat
329 2681 362 2728 et
374 2666 416 2729 ab
431 2664 544 2729 criticis
559 2687 619 2727 non
636 2663 726 2728 facile
740 2663 847 2727 inferri
862 2664 968 2740 soleat,
985 2664 1042 2728 nisi
1057 2664 1155 2728 sicubi
1174 2687 1237 2728 me·

139 2781 221 2830 trum
238 2791 404 2854 exposcere
419 2767 573 2842 videatur,
587 2782 622 2830 ut
637 2766 669 2829 in
685 2766 866 2831 Troadibus
881 2767 1044 2852 Euripidis
1059 2790 1088 2829 v.
1105 2769 1198 2851 1065.

397 2870 527 2949 σμύρνης
540 2870 672 2946 αἰθερίας
684 2893 717 2932 τε
733 2895 783 2932 κα-

398 2970 475 3035 πνὸν
490 2969 537 3033 καλ
552 2969 716 3050 Πέργαμον
732 2970 808 3051 ἱράν.

140 3069 223 3139 Mihi
246 3092 320 3139 vero
341 3069 485 3157 pluribus
506 3069 627 3133 indiciis
648 3084 769 3134 constat
791 3072 923 3157 tragicos
946 3096 1008 3136 nou
1029 3075 1060 3136 in
1084 3073 1238 3159 ejusmodi

139 3169 238 3234 solum
267 3171 350 3247 locis,
374 3170 475 3256 qualis
498 3169 549 3236 ille
571 3170 736 3257 Euripidis
760 3188 817 3249 est,
843 3171 897 3235 sed
921 3173 1014 3235 etiam
1039 3174 1069 3237 in
1092 3174 1239 3240 diverbiis

140 3273 248 3337 Ionica
264 3295 330 3336 esse
351 3273 453 3335 forma
472 3272 613 3337 vocabuli
635 3295 707 3336 usos
734 3271 924 3358 ubicumque
946 3273 1042 3359 pedes
1063 3275 1157 3338 soluti
1178 3275 1238 3340 hau

138 3375 257 3440 ratione
272 3375 362 3439 vitari
384 3389 520 3461 possent,
535 3375 633 3439 veluti
655 3374 687 3439 iu
709 3374 769 3437 hoc
790 3374 859 3459 ipso
883 3374 1046 3460 Sophoclis
1065 3399 1165 3449 versu,
1182 3377 1238 3441 uhi

138 3500 210 3541 casu
236 3476 340 3541 evenit
364 3492 400 3541 ut
423 3477 484 3558 ίρὸς
507 3492 538 3541 et
564 3477 594 3539 in
621 3475 746 3562 optimis
774 3474 935 3540 codicibus
960 3476 1000 3540 sit
1024 3494 1181 3542 servatum
1206 3497 1238 3544 et

138 3577 252 3649 diserte
272 3578 414 3664 agnitum
436 3578 477 3642 ab
498 3578 596 3642 Suida
616 3578 646 3640 in
667 3578 700 3641 h.
715 3600 746 3640 v.
782 3580 888 3655 Quare
913 3577 973 3657 ἱρὸς
998 3577 1073 3642 locis
1093 3578 1239 3665 plurimis

138 3679 270 3754 restitui,
286 3680 377 3746 etiam
400 3679 431 3743 iu
456 3679 618 3767 postremis
640 3679 754 3745 fabulis
769 3678 943 3764 Euripidis,
957 3703 1030 3766 quae
1047 3679 1119 3745 licet
1134 3681 1238 3746 minus

138 3782 305 3852 elaboratis
339 3781 400 3845 sint
428 3805 523 3868 quam
552 3782 743 3869 antiquiores
776 3782 948 3868 tragoediae,
979 3799 1083 3846 tamen
1120 3783 1237 3848 solutos

139 3883 235 3969 pedes
256 3882 362 3945 dedita
384 3907 476 3970 opera
500 3884 649 3972 quaesitos
670 3885 784 3949 habere
805 3908 861 3948 nec
881 3885 1125 3949 demonstratum
1149 3900 1196 3950 est
1217 3909 1237 3950 a

138 4010 296 4073 quoquam
313 4002 342 4050 et
359 3988 398 4050 ab
414 3989 532 4053 ratione
546 3989 702 4057 abhorret.
728 3989 814 4067 Quid
829 3989 915 4075 quod
932 4013 971 4052 ne
985 3989 1093 4053 comici
1107 3988 1234 4076 quidem

139 4105 240 4174 poetae
265 4089 305 4153 ab
328 4088 410 4152 illius
436 4113 494 4154 usu
520 4092 629 4155 formae
654 4092 883 4165 abstinuerunt,
908 4114 1003 4178 (parum
1031 4090 1235 4178 Aristophani

138 4189 263 4255 duobus
277 4191 308 4253 in
323 4190 399 4254 locis
415 4193 543 4279 (Equit.
558 4215 590 4255 v.
606 4213 680 4277 301.
699 4196 825 4279 Vespar.
844 4217 874 4257 v.
890 4194 983 4278 308.)
1001 4193 1089 4258 metri
1105 4193 1236 4260 adactus

139 4292 317 4357 necessitate
333 4293 467 4361 reddidit
483 4298 688 4360 Hermannus
697 4297 729 4360 in
743 4295 917 4359 Elementis
926 4295 1077 4364 doctrinae
1088 4297 1235 4375 metricas,

139 4392 254 4476 quibus
269 4415 351 4465 nunc
365 4396 514 4462 accedant
529 4398 693 4462 Runarum
709 4419 817 4461 versus
831 4416 905 4476 440.
921 4414 998 4478 447.
1034 4398 1086 4461 De
1101 4403 1235 4466 vocabu·

650 4525 669 4564 u
688 4522 705 4566 2
