2978 5062
611 353 679 415 AD
703 351 891 416 PERSAS.
1237 358 1302 426 1149

544 526 592 597 ὀᾶ,

544 625 760 693 τοῦτ’-λακίς.

245 727 315 789 116.
339 725 389 812 ὄλ]
412 727 594 814 Interjectio
616 744 705 793 extra
727 752 849 794 versum
872 730 982 817 posita.
1021 728 1125 794 Schol.
1149 731 1301 811 Περσικὸν

199 825 344 907 θρήνυι·

245 947 317 992 120.
342 933 504 1017 Ktoorvov]
534 934 649 996 Forma
675 933 792 1012 vitiosa,
813 957 908 1021 quam
933 933 1110 997 notavimus
1132 933 1172 996 ad
1198 957 1227 998 v.
1251 950 1300 1017 17.

199 1034 352 1096 Ktooivov
374 1032 439 1096 duo
458 1033 550 1099 codd.
571 1051 603 1099 et
624 1036 707 1099 Rob.
747 1036 951 1100 Scribendum
980 1037 1114 1099 Κισσίων
1136 1058 1175 1098 ex
1198 1037 1248 1098 M.
1269 1051 1301 1099 et

197 1133 340 1220 quinque
354 1136 431 1215 aliis,
447 1137 505 1201 nisi
520 1138 591 1223 quis
607 1142 736 1204 Κίσσιον
751 1142 907 1228 praeferst.

245 1257 315 1302 121.
348 1240 483 1324 ἔσσεται]
514 1241 625 1306 Lectio
654 1242 778 1307 indocte
807 1241 1002 1328 interpolata.
1038 1242 1139 1305 ἔσεται
1164 1241 1298 1303 C.M.N.

198 1340 405 1405 Scribendum
430 1341 537 1426 ᾄσεται
557 1366 630 1408 cum
654 1345 801 1410 Eumeio.
850 1344 939 1408 infra
958 1364 1049 1424 1040.
1070 1340 1132 1421 βόα
1152 1367 1206 1406 νυν
1220 1341 1300 1404 ἀντί-

198 1442 293 1507 δουπά
306 1470 365 1525 μοι.

243 1564 313 1610 122.
336 1550 615 1614 &dextroversum
632 1564 779 1636 ροοοιοτ,
794 1563 947 1612 commate
966 1548 1098 1634 adjecto.
1130 1548 1168 1610 ὀᾶ
1184 1548 1232 1610 Μ.
1249 1545 1300 1609 hic
1331 1562 1338 1577 ‘

197 1660 231 1709 et
243 1663 318 1731 570.
335 1650 409 1732 581.

240 1751 288 1823 ὀᾶ,
311 1751 389 1815 τοῦτ’
407 1753 490 1836 ἔπος]
506 1754 554 1816 Ut
570 1752 601 1815 h.
618 1751 638 1816 l.
653 1750 728 1816 τοῦτ’
745 1754 816 1820 ἔπος
837 1752 973 1817 refertur
994 1751 1032 1814 nd
1056 1751 1236 1837 praecedens
1250 1752 1298 1823 ὀὰ,

196 1849 240 1912 sic
257 1852 417 1916 Prorneth.
430 1855 504 1936 988.
520 1868 686 1940 postquam
703 1855 911 1918 Prometheus
927 1876 1032 1917 vocem
1049 1852 1134 1937 ᾤμοι
1145 1852 1297 1929 emiserat,

197 1953 380 2017 Mercurius
408 1954 533 2018 subdit:
565 1957 633 2018 τόδε
663 1955 738 2021 Ζεὺς
766 1957 873 2022 τοῦπος
904 1956 957 2018 οὐκ
994 1956 1159 2017 ἐπίσταται.
1199 1954 1298 2016 SCH.

198 2053 296 2116 Eum.
311 2075 386 2137 510.
402 2054 479 2118 τοῦτ’
497 2057 568 2123 ἔπος
583 2058 769 2137 θροούμενος,
785 2055 808 2119 ὦ
824 2058 898 2120 δίκα.
924 2058 1049 2119 STAN
1053 2057 1091 2119 L.

239 2155 316 2218 τοῦτ’
333 2157 404 2223 ἔπος
417 2179 479 2219 om.
497 2156 573 2220 Adt.
592 2158 696 2220 Turn.

243 2277 313 2342 123.
329 2257 446 2342 ὅμιλος]
462 2258 548 2321 ἔσται
563 2260 667 2338 ὅμιλος
681 2257 765 2322 Rob.
781 2283 821 2322 ex
836 2258 961 2323 scholio.

243 2378 315 2445 125.
331 2359 354 2423 δ’
369 2383 431 2423 om.
447 2359 527 2423 Ald.
543 2360 627 2423 Rob.

240 2465 274 2527 ἔν
301 2463 428 2529 πέπλοις
455 2464 534 2542 πέσῃ
561 2462 659 2548 λακὶς]
691 2462 730 2526 Id
760 2479 808 2527 est
836 2461 948 2527 πέπλοι
976 2468 1170 2527 λακισθῶσιν.
1197 2462 1298 2528 SCH.

198 2564 303 2628 Etiam
320 2565 404 2651 apud
423 2564 563 2629 Persicas
578 2564 723 2629 mulieres
742 2565 773 2627 in
796 2588 920 2630 summo
935 2565 1021 2629 luctu
1039 2581 1138 2630 vestes
1160 2564 1300 2630 scindere

197 2666 291 2729 moris
305 2683 383 2731 erat.
429 2669 481 2731 Ita
495 2666 628 2732 Diodor.
648 2683 700 2749 17,
716 2686 769 2755 35.
785 2684 857 2755 post
872 2667 1006 2732 Darium
1023 2667 1139 2731 victum
1155 2666 1300 2731 mulieres

196 2771 249 2835 τὰς
272 2772 400 2848 ἐσθῆτας
420 2772 676 2852 περιρριπτούσας,
692 2769 755 2850 μετ’
771 2773 915 2852 ὀδυρμῶν,
932 2773 966 2834 ἔκ
986 2776 1046 2833 τῶν
1061 2775 1178 2849 σκηνῶν
1193 2792 1297 2833 exces-

195 2870 269 2934 sisse
284 2872 387 2937 tradit.
426 2875 518 2937 Curt.
533 2892 566 2957 3,
586 2893 635 2952 11,
653 2877 704 2937 26.
719 2874 836 2962 ingens
850 2875 936 2937 circa
950 2895 1020 2937 eam
1035 2874 1187 2936 anodiam
1195 2874 1298 2957 femi-

195 2995 310 3037 narum
340 2977 434 3039 turha
463 2978 658 3052 constiterat,
683 2987 714 3040 et
741 2977 889 3041 laceratis
918 2977 1072 3052 crini-bas,
1101 2977 1299 3062 abscissoque

196 3087 290 3154 veste,
307 3079 440 3163 pristini
462 3079 583 3143 decoris
602 3081 797 3146 immemores
818 3081 1025 3143 etc-Porro
1045 3078 1187 3142 abscissis
1206 3078 1296 3142 vesti-

194 3179 306 3243 mentis
327 3179 476 3266 lugubria
489 3179 662 3245 induebant
677 3181 822 3245 mulieres
837 3182 982 3244 Persicae.
1017 3181 1109 3243 Curt.
1131 3199 1180 3256 10,
1195 3200 1227 3263 5,
1250 3199 1298 3263 19.

193 3280 247 3343 Ad
260 3283 362 3345 Darii
383 3304 502 3368 quoque
523 3293 655 3347 matrem
669 3285 812 3346 celeriter
823 3280 953 3365 perlato
971 3288 1038 3349 est,·
1061 3279 1202 3342 nbsciseo
1221 3301 1299 3363 ergo

194 3393 287 3458 ueste,
303 3406 366 3468 qun
380 3384 495 3447 induta
509 3393 589 3460 erat,
604 3385 768 3471 lugubrem
784 3382 906 3444 mtmsit.
932 3379 1102 3442 STANL.

242 3494 312 3553 126.
328 3491 506 3576 ἱππηλάτας]
523 3484 688 3572 ἱππηλάτῆς
704 3495 753 3556 Μ.

242 3609 312 3671 127.
328 3592 391 3679 καὶ]
407 3618 441 3656 τε
456 3595 504 3656 καὶ
519 3593 602 3655 Rob.
1096 3656 1108 3671 Α

241 3714 311 3776 129.
340 3694 506 3781 μελισσῶν]
530 3700 686 3774 μελισσῶν
708 3693 787 3759 Ald.
813 3696 844 3758 Τ
848 3717 918 3759 urn.
957 3671 1133 3773 uehtoodiiir
1159 3694 1197 3757 B.
1237 3692 1292 3772 μέ-

195 3804 291 3858 λισσα
306 3796 355 3858 Μ.

236 3900 373 3986 ὀρχάμῳ]
390 3903 459 3963 Vox
473 3901 643 3965 Homerica
660 3901 699 3966 ΙΙ.
718 3904 756 3981 Ξ,
769 3921 839 3966 102.
857 3904 972 3984 ὄρχαμε
986 3906 1080 3964 λαῶν.
1104 3901 1278 3965 BLOMF.

239 4023 310 4088 130.
335 4005 537 4084 ἆμφέζευκτος,
566 4005 723 4090 Utrinque
745 4005 924 4092 colligatus,
952 4003 1066 4068 scilicet
1093 4027 1132 4067 ex
1159 4020 1293 4089 utraque

191 4106 379 4169 continente.
425 4105 573 4192 Intelligo
594 4121 699 4170 autem
721 4128 776 4192 per
798 4107 995 4187 ἀμφίζευκτον
1015 4113 1127 4187 πρῶνα,
1153 4121 1293 4193 pontem,

190 4207 245 4292 qui
268 4208 299 4270 in
324 4206 526 4292 promontorii
545 4207 671 4271 modum
692 4231 731 4270 ex
750 4221 883 4292 utraque
905 4206 1081 4270 continente
1096 4208 1290 4289 excurrebat,

190 4323 222 4373 et
244 4309 287 4372 sic
310 4307 395 4375 ἅλιος
416 4311 508 4391 πρὼν,
525 4311 623 4377 κοινὸς
643 4309 814 4391 ἀμφοτέρας
831 4313 908 4381 αἴας,
925 4309 1029 4384 fiebat,
1045 4332 1118 4393 quae
1133 4332 1223 4373 voces
1238 4312 1289 4376 vix

190 4410 230 4475 de
246 4411 440 4474 Chersoneso
455 4411 611 4475 Thracica
625 4411 685 4474 dici
702 4422 883 4497 potuerunt,
898 4409 985 4495 quod
1005 4409 1151 4495 opinatur
1174 4412 1289 4476 Schot-

191 4511 268 4578 zius.
294 4513 366 4578 Vid.
382 4536 476 4601 snpra
492 4514 543 4599 69.
568 4515 669 4577 Porro
684 4512 842 4592 ἔξαμείβω,
859 4512 994 4599 trajicio,
1010 4511 1070 4576 hoc
1092 4512 1183 4577 etiam
1202 4512 1287 4576 evin·

722 4637 759 4678 11
