2978 5062
197 347 262 410 258
556 342 935 408 ANNOTATIONES

242 530 314 592 240.
329 511 405 595 ἔγχη
420 508 564 596 σταδαῖα]
580 513 697 576 Hasta
710 511 754 574 σά
767 531 916 598 ριιςποπι
929 509 1174 596 ιιοδῖδπιαρισ.
1222 510 1300 574 Hoc

196 615 279 679 euim
305 612 408 678 innuit
432 628 537 701 poeta,
562 613 767 677 Athenienses
791 635 855 677 ποτι
878 612 1051 676 velitamur
1071 611 1216 697 sagittis,
1243 610 1302 675 aad

195 716 266 781 telis
290 717 431 779 οοπιῖιιιισ
454 725 484 780 et
505 717 644 779 aratoria
661 737 781 802 pugna
804 715 973 778 decertant.
1013 711 1193 790 Scholiasta,
1219 713 1299 795 ἔγχη

196 823 333 891 σταδαῖα,
356 817 422 898 ι’γτοι
445 820 516 899 ξίφη
540 822 677 889 σταδαῖα,
701 815 736 879 δι’
760 818 802 880 ὧν
824 815 975 895 συστάδην
997 816 1045 880 καλ
1071 817 1222 898 lucy-flius
1246 815 1298 879 καὶ

195 924 325 1002 πλησίον
349 921 505 1004 μάχονται·
528 919 595 986 τοὺς
621 923 679 1000 γὰρ
703 921 735 981 ἐκ
758 917 955 997 διαστήματος
978 917 1131 1001 μάχοντας
1157 917 1297 997 κατηντέ·

194 1024 289 1101 λιζον.
334 1023 438 1087 Persis
452 1044 539 1086 arma
553 1036 641 1085 eraut
655 1023 726 1099 τόξα
741 1022 789 1085 καὶ
804 1020 895 1104 αἰχμὴ
909 1019 1029 1102 βραχέα
1043 1031 1121 1083 teste
1135 1021 1295 1084 Herodot.

193 1144 227 1210 5,
242 1146 297 1209 49,
320 1125 497 1188 BLOMF.

238 1246 311 1307 241.
334 1225 502 1311 ποιμάνωρ]
522 1225 691 1306 ποιμάντιορ
706 1223 813 1289 Guelf.
830 1222 907 1287 Ald.
924 1224 1028 1286 Turn.
1058 1221 1210 1304 ποιμάνωρ
1226 1225 1296 1288 Eu-

193 1329 287 1394 stath.
302 1330 344 1395 ad
360 1329 452 1394 Iliad.
468 1335 502 1393 B.
517 1353 549 1416 p.
566 1346 639 1407 212,
653 1347 705 1406 42.
728 1326 800 1390 Vid.
816 1348 911 1413 supra
926 1325 977 1407 76.
1001 1325 1082 1389 Mox
1097 1329 1215 1412 στρατῷ
1231 1341 1296 1391 tres

192 1430 285 1495 codd.
304 1446 336 1497 et
356 1432 440 1496 Rob.
478 1431 590 1494 Minus
610 1445 701 1494 recte.
728 1432 844 1514 Agam.
867 1443 941 1513 545.
969 1432 1039 1495 Πῶς
1064 1428 1118 1507 δή;
1142 1431 1295 1513 διδαχθεὶς

192 1537 279 1597 τοῦδε
305 1536 444 1596 δεσπόσω
466 1534 570 1613 λόγου.
608 1529 751 1617 Choeph.
781 1531 851 1593 186.
877 1534 968 1607 τῆσδε
995 1531 1165 1608 δεσπόζειν
1180 1534 1291 1615 φόβης.

193 1633 367 1697 BLOMF.
402 1638 518 1719 στρατῷ
532 1631 625 1696 etiam
641 1634 692 1695 M.

236 1758 311 1826 245.
335 1745 441 1806 ίόντοιν
454 1748 517 1810 τοῖς
537 1746 655 1806 τεκοῦσι
670 1742 843 1824 φροντίσαι]
863 1740 1044 1821 Scholiasta,
1059 1746 1180 1825 χαλεπά
1190 1744 1294 1828 λέγεις

192 1851 255 1912 τοῖς
274 1849 398 1927 γονεῦσι
415 1850 475 1908 τῶν
490 1847 595 1909 ίόντων
610 1844 657 1908 καὶ
673 1844 824 1907 ἐλθόντων
839 1845 880 1910 είς
892 1842 1031 1923 Ἀθήνας,
1047 1845 1113 1908 ἀντὶ
1134 1850 1187 1909 τοῦ
1207 1848 1291 1928 ἡμῖν,

192 1948 270 2011 ὥστε
284 1949 444 2029 φροντίσαι
459 1948 564 2012 atron.
590 1948 642 2011 De
655 1944 883 2010 constructione
898 1944 1052 2033 participii
1065 1969 1136 2010 cum
1150 1947 1293 2034 genitivo

191 2072 222 2112 v.
238 2048 379 2114 Lobeclr,
395 2049 435 2113 ad
453 2048 549 2135 Soph.
565 2048 658 2135 Ajac.
673 2070 705 2135 p.
719 2047 792 2132 238.

237 2153 312 2231 246.
327 2150 437 2235 δοκεῖν]
453 2156 535 2215 δοκεῖ
546 2165 697 2236 quattuor
711 2148 840 2213 codices.

234 2252 323 2337 εἴσει]
338 2254 404 2331 εἴση
418 2251 499 2315 libri.

234 2353 373 2438 νημερτῆ]
390 2351 596 2418 Scribeudum
613 2357 740 2435 ναμερπῆ
755 2374 827 2417 cum
843 2354 1001 2418 Porsono:
1025 2354 1145 2440 dequo
1158 2354 1224 2421 dixi
1247 2357 1290 2424 ad

192 2455 290 2541 Soph.
308 2455 424 2521 Trach.
441 2472 514 2541 173.
1166 2459 1177 2480 ⁹

235 2573 307 2640 247.
334 2558 481 2643 δράμημα]
508 2559 641 2640 δράμημα
666 2555 787 2642 aliquot
810 2556 902 2621 codd.
928 2556 1016 2643 quod
1043 2560 1289 2646 proeferendum.

190 2659 242 2723 De
256 2673 391 2745 utraque
404 2660 508 2723 forma
521 2683 552 2722 v.
569 2656 709 2722 Lobeck.
724 2658 766 2721 ad
788 2658 962 2745 Phrynich.
977 2682 1010 2747 p.
1026 2662 1099 2725 618.
1114 2675 1146 2726 et
1159 2684 1234 2749 quae
1256 2663 1289 2729 iu

191 2760 357 2824 Thesauro
372 2760 523 2847 Stephani
537 2759 646 2846 collegi
663 2783 687 2824 s.
702 2782 733 2823 v.
749 2761 902 2841 Δρόμημα.

234 2880 307 2944 249.
320 2857 477 2947 Ἀσιάδος]
493 2861 662 2929 Ἀσιάτιδος
677 2860 754 2927 Ald.
774 2860 895 2930 Ἀσίδος
911 2861 1116 2928 Blomlieldus
1130 2879 1225 2930 recte.

233 2980 306 3048 252.
322 2963 356 3026 τό
372 2969 501 3044 Περσῶν
515 2962 553 3048 δ’]
569 2964 603 3026 τό
618 2966 650 3027 δὲ
665 2969 795 3045 Περσῶν
809 2963 885 3027 Ald.
903 2965 986 3028 Rob.

233 3080 305 3149 253.
329 3063 420 3129 κακόν
438 3067 495 3145 μὲν
515 3071 632 3147 πρῶτον
646 3066 810 3148 ἀγγέλλειν
825 3065 911 3150 κακά]
936 3066 1098 3154 Sophoclis
1112 3069 1287 3157 Antigonae

188 3189 218 3229 v.
236 3181 309 3250 277.
325 3166 443 3249 στέργει
458 3169 515 3249 γάρ
530 3167 625 3234 οὐδεὶς
638 3168 771 3250 άγγελον
786 3173 883 3231 κακῶν
898 3169 977 3232 ἐπῶν
991 3170 1184 3256 comparavit
1199 3171 1288 3237 scho-

186 3266 285 3333 liasta.
324 3269 423 3333 Hunc
441 3291 566 3333 versum
588 3268 620 3332 iu
643 3283 766 3334 textum
788 3267 962 3333 intulerunt
977 3271 1019 3335 N.
1036 3285 1068 3334 et
1080 3271 1191 3338 Guels.
1214 3288 1288 3362 post

188 3371 352 3454 ἀγγέλλειν
365 3369 448 3449 κακά,
465 3370 548 3434 Rob.
565 3384 669 3433 autem
685 3383 756 3456 post
771 3370 934 3449 ἀναπτύξαι
948 3370 1050 3440 πάθος.

232 3490 305 3557 254.
320 3471 667 3557 άνάγκη]-ἅναππόξαι]
683 3472 1010 3554 άνάγκα-άναππόσοι
1024 3474 1101 3539 Ald.
1117 3475 1204 3541 Rob.

232 3589 304 3658 255.
320 3573 452 3658 Πέρσαι]
464 3572 597 3655 Πέρσαις
612 3574 651 3636 Β.

232 3674 629 3759 256-259ε262-265.
732 3727 756 3738 „

232 3777 307 3860 256.
327 3774 397 3860 ἄνι’]
412 3776 482 3839 άνια
496 3774 574 3839 Ald.
592 3777 675 3840 Rob.
691 3778 793 3840 Turn.
832 3777 910 3842 Post
924 3782 999 3842 κοκδ
1013 3778 1044 3841 iu
1061 3779 1190 3845 Barocc.
1207 3782 1286 3849 Ald.

189 3876 272 3941 Rob.
294 3875 437 3940 additum
461 3879 579 3957 λυπηρδ
603 3880 722 3958 λυπηρὰ
750 3899 790 3940 ex
817 3876 1010 3964 glossemate.
1048 3885 1069 3917 “
1080 3880 1287 3968 Adjectivum

188 3979 271 4046 άνιος
292 3978 375 4042 valet
395 3977 535 4059 λυπηρός,
557 3978 642 4044 άνίας
661 3978 843 4058 παρεκτικδς,
864 3979 994 4061 άνιαρδς,
1018 3980 1225 4063 ἀθεράπευτος.
1250 4000 1287 4051 ut

187 4093 350 4167 exponunt
371 4092 490 4142 veteres
511 4079 633 4164 glossae.
677 4080 822 4143 Occurrit
844 4080 958 4145 iterum
979 4081 1061 4146 iufra
1083 4107 1113 4147 v.
1139 4103 1233 4170 1047.
1254 4100 1287 4152 et

192 4183 302 4267 1053.”
325 4182 530 4259 BRUNCK.
570 4180 688 4244 Versus
702 4180 733 4243 in
747 4181 825 4245 Ald.
841 4182 884 4246 sic
897 4183 988 4247 divisi
1004 4184 1117 4250 άνια-
1134 4185 1141 4272 Ι
1160 4189 1287 4255 νεόκοτα

186 4314 231 4330 ·-
249 4280 254 4366 Ι
273 4283 490 4346 διαίνεσθαι-.

232 4383 304 4466 258.
320 4383 368 4446 καὶ
378 4381 443 4446 δάι’.
466 4383 541 4467 αῖαῖ]
557 4385 638 4447 Haec
654 4384 749 4448 verba
762 4385 864 4450 versui
880 4388 1066 4473 precedenti
1081 4404 1158 4455 sunt
1170 4390 1286 4479 adjun-

186 4481 301 4571 genda,
316 4483 495 4571 pariterque
509 4484 543 4549 in
556 4485 760 4572 antistropho.
