2978 5062
329 354 397 422 AD
422 358 611 421 SEPTEM
637 355 884 421 ADVERSUS
908 355 1112 419 THEBAS.
1205 354 1267 418 211

170 522 279 588 fabula
306 524 347 588 de
372 526 543 606 Charonte,
568 549 664 614 quam
689 528 850 591 Homerus
874 543 905 590 et
929 525 1091 589 Hesiodus
1114 525 1271 610 ignorant,

170 625 244 689 satis
259 642 334 690 nota
347 627 418 691 fuit.
463 629 516 693 Cf.
532 629 649 716 Eurip.
665 629 783 693 Alcest.
800 652 830 692 v.
846 644 908 713 437
926 652 995 714 sqq.
1010 640 1041 692 et
1055 626 1129 691 alibi
1144 626 1269 714 passim.

170 727 265 804 Quod
286 741 391 792 autem
414 752 476 793 nou
498 729 625 812 σκάφος,
645 731 698 794 sed
722 733 847 812 θεωρίδα
868 729 959 808 dixit,
974 729 1006 793 id
1030 751 1156 793 suavem
1175 727 1271 792 habet

167 831 309 911 θεωρίδος
322 830 405 895 illius
419 832 522 896 Deliis
537 832 816 919 significationem„
842 834 950 910 Quum
964 831 1045 895 enim
1063 830 1171 895 Minos
1184 829 1271 894 insti·

171 931 292 1010 tuimet,
308 947 344 997 ut
359 933 579 1014 Athenienses,
596 958 676 1021 quos
698 934 863 1012 devicerat,
883 954 966 998 anno
989 955 1181 1020 unoquoque
1202 916 1290 1018 sep-¹

168 1046 260 1098 tenos
275 1034 389 1100 liberos
408 1059 482 1100 suos
497 1037 683 1101 Minotauro
703 1037 743 1100 ad
766 1036 957 1124 epulandum
981 1035 1150 1112 mitterent,
1164 1048 1273 1121 postea

172 1135 316 1200 Theseus
339 1137 470 1224 patriam
493 1139 535 1203 ab
556 1138 670 1203 infelici
692 1138 812 1204 tributo
833 1137 1032 1214 liberaturus,
1049 1139 1175 1200 Cretam
1198 1157 1271 1200 cum

171 1238 329 1304 sodalibus
349 1240 519 1327 navigavit,
536 1240 783 1327 Minotauroque
804 1240 905 1329 occiso
927 1263 959 1304 se
980 1256 1012 1304 et
1034 1261 1107 1303 suos
1128 1237 1270 1303 servavit.

172 1341 275 1428 Cujus
289 1341 494 1429 expeditionis
506 1341 685 1407 memoriam
697 1343 756 1407 hoc
769 1342 831 1407 ritu
843 1341 1040 1406 celebrarunt
1051 1339 1270 1419 Athenienses,

172 1459 317 1532 utquam
332 1444 376 1509 illi
391 1444 545 1532 Apollini,
561 1445 586 1509 si
605 1461 814 1520 servarentur,
830 1459 992 1517 voverant,
1009 1465 1118 1507 navem
1142 1464 1272 1522 sacram,

172 1571 284 1635 magna
309 1571 381 1614 cum
405 1549 588 1613 caeremonia
614 1548 780 1635 quotannis
805 1547 923 1612 Delum
946 1546 1116 1610 mitterent.
1161 1545 1273 1632 Hujus

170 1666 275 1716 autem
299 1651 378 1715 ritus
402 1651 638 1716 celebrationem
664 1653 799 1732 θεωρίαν,
822 1671 933 1714 navem
960 1648 1058 1736 ipsam
1081 1649 1215 1729 θεωρίδα,
1238 1659 1271 1712 et

170 1752 225 1839 qui
255 1776 293 1817 ea
322 1752 439 1818 Delum
469 1753 667 1830 veherentur,
697 1752 823 1834 θεωροὺς
852 1751 1025 1839 appellatos
1054 1749 1160 1830 fuisse,
1188 1749 1271 1815 iuter

170 1877 278 1919 omnes
302 1870 432 1920 constat.
478 1855 632 1933 Quoniam
659 1877 734 1918 vero
757 1855 861 1935 θεωρδς
889 1852 942 1916 illa
970 1851 1059 1939 quasi
1089 1852 1268 1916 memoriam

172 1960 413 2044 repraesentabat
438 1957 521 2021 illius
549 1955 677 2043 navigii,
702 1978 769 2044 quo
796 1971 868 2019 ante
895 1954 1055 2018 Theseum
1082 1952 1113 2017 in
1141 1956 1269 2018 Cretam

170 2057 417 2145 deportabantur
439 2059 472 2139 ii,
495 2058 563 2146 qui,
587 2074 623 2124 ut
646 2058 830 2123 Minotauro
851 2054 1098 2137 immolarentur,
1113 2072 1195 2123 sorte
1214 2056 1269 2122 de·

170 2160 241 2226 lecti
264 2177 373 2242 eraut;
396 2162 468 2227 hinc
489 2163 608 2227 factum
630 2176 687 2240 est,
712 2173 748 2225 ut
767 2159 951 2247 AEschylus,
968 2158 1136 2226 Charontis
1156 2184 1269 2226 navem

170 2267 296 2346 θεωρίδα
309 2263 481 2351 appellans,
497 2263 609 2351 partim
624 2259 664 2327 ad
679 2263 814 2350 navigia,
830 2286 902 2349 quae
916 2262 988 2326 olim
1006 2262 1092 2349 triste
1107 2263 1270 2350 vectigale

170 2365 283 2431 Minoe
301 2365 482 2453 impositum
499 2368 624 2430 Cretam
647 2365 840 2445 deferebant,
854 2364 968 2452 partim
988 2365 1030 2429 ad
1048 2388 1095 2443 ea,
1110 2388 1183 2452 quae
1198 2378 1270 2452 post

170 2468 332 2534 Theseum
347 2466 489 2556 Apollini
504 2468 621 2533 Delum
637 2467 853 2547 mittebantur,
864 2467 1043 2555 respexerit.
1068 2469 1174 2546 Quum
1186 2464 1269 2532 enim

170 2569 250 2636 hanc
264 2572 389 2653 θεωρίδα
403 2568 543 2635 nominat
557 2571 701 2644 ἄστολον,
711 2582 743 2635 et
756 2570 973 2653 μελάγκροκον,
985 2584 1119 2656 utroque
1129 2567 1270 2656 epitheto

170 2672 310 2760 tangitur
323 2695 428 2736 annua
441 2670 494 2737 illa
508 2671 676 2736 liberorum
693 2672 878 2737 Minotauro
892 2671 1077 2738 devotorum
1092 2670 1125 2736 in
1141 2673 1267 2737 Cretam

170 2775 320 2841 devectio.
350 2776 482 2839 ἄστολον
502 2774 585 2838 enim
608 2775 787 2860 infinitatum
809 2790 917 2849 notat;
948 2775 1131 2841 sicutenim
1154 2778 1269 2859 ἄγαμος

170 2883 265 2960 γάμος
277 2877 433 2962 ἱνρρίιννίεε
446 2879 581 2964 nuptias,
597 2878 748 2957 ἀπόλεμος
761 2881 892 2960 πόλεμος
910 2880 1026 2965 §cyulis
1040 2879 1164 2958 bellum,
1179 2880 1269 2947 ἄναες

171 2978 241 3046 νάες
255 2981 409 3064 insoustce
429 3000 537 3053 naves,
553 2979 597 3044 sic
618 2979 711 3044 etiam
733 2983 865 3050 ἄστολος
886 2985 1000 3064 θεορὶς,
1023 2982 1195 3070 navigium
1215 2983 1267 3045 in·

156 3083 321 3166 fitustam,
338 3081 577 3154 calamitosum
601 3082 694 3169 quale
713 3083 860 3149 nimirum
881 3099 913 3150 et
927 3085 1007 3150 illud
1021 3102 1100 3165 erat,
1115 3107 1181 3171 quo
1195 3084 1269 3149 olim

170 3184 410 3249 Atheniensium
434 3183 535 3262 liberi,
551 3186 710 3273 vectigalis
731 3188 839 3265 instar,
858 3187 890 3250 in
911 3190 1036 3252 Cretam
1059 3186 1267 3273 deportaban-

170 3303 231 3352 tur.
256 3286 475 3368 Μελάγκροκον
491 3309 563 3350 vero
580 3296 650 3351 otro
670 3288 736 3351 velo
757 3290 919 3376 {vulgatam
940 3289 1085 3376 cymbam
1102 3287 1271 3352 Charontis

167 3387 317 3476 appellat,
329 3388 495 3475 respiciens
508 3388 549 3452 ad
564 3401 631 3452 atra
645 3387 697 3451 illa
709 3388 788 3467 vela,
799 3388 916 3475 quibus
930 3389 986 3475 qui
997 3388 1036 3452 ad
1050 3389 1269 3454 Minotaurum

170 3489 374 3555 mittebantur
388 3488 534 3575 navigare
550 3488 688 3553 solebant
706 3489 844 3576 (Hygia.
860 3489 924 3553 fab.
936 3489 1017 3570 41.).
1042 3490 1148 3566 Quum
1163 3506 1270 3555 autem

169 3591 201 3655 in
216 3590 408 3679 designanda
423 3591 591 3656 Charontis
605 3592 718 3675 cymba
733 3593 872 3674 θεωρίδος
888 3592 1011 3655 nomine
1024 3591 1123 3656 utitur
1135 3592 1271 3681 AEschy-

169 3693 230 3772 lus,
251 3715 382 3779 eamque
404 3692 436 3757 in
460 3704 574 3757 terram
592 3692 766 3758 Ἀπόλλωνι
784 3696 895 3776 θστεβῆ
917 3694 987 3758 vehi
1010 3693 1096 3768 dicit,
1118 3692 1269 3758 rationem

170 3796 280 3883 utique
308 3794 417 3859 habuit
447 3794 581 3859 solennis
608 3795 691 3860 illius
720 3795 752 3860 in
779 3798 896 3861 Delum
927 3797 1100 3885 legationis,
1127 3794 1270 3883 Apollini

168 3921 273 3964 sacrae.
319 3901 421 3963 Orcus
435 3918 510 3960 vero
531 3896 573 3960 sic
595 3896 792 3975 describitur,
813 3914 849 3963 ut
871 3899 911 3963 sit
931 3899 1043 3983 χέρσος
1056 3899 1198 3987 Apollini
1219 3901 1270 3963 iu·

168 4022 320 4073 ceceanu,
342 3999 418 4086 quia
440 3996 511 4083 ᾅδης
531 4013 563 4063 et
584 3998 728 4081 τάρταρος
748 3999 848 4064 invisa
869 4000 929 4064 diis
951 4001 1071 4087 superis
1095 4000 1162 4064 loca
1184 4015 1267 4064 sunt.

170 4103 222 4168 cf.
248 4100 408 4166 Prometh.
432 4124 463 4164 v.
487 4102 569 4185 1036
592 4124 640 4187 sq.
668 4101 801 4179 άνάλιος,
828 4102 903 4187 quia
927 4101 990 4166 sole
1009 4125 1081 4166 eum
1104 4125 1267 4188 nunquam

168 4202 342 4269 collustrari
364 4202 544 4289 lingebant3
576 4202 630 4280 sic,
649 4216 686 4266 ut
711 4226 728 4266 e
751 4202 859 4267 multis
883 4227 981 4268 unum
1006 4203 1103 4291 hujus
1123 4205 1268 4292 imaginis

168 4305 348 4394 exemplum
368 4304 496 4385 addam,
518 4320 713 4369 mortuorum
737 4304 824 4368 sedes
846 4304 961 4369 dicitur
981 4306 1107 4373 θνάλιος
1129 4307 1209 4375 οἶκος
1234 4310 1269 4373 ἐν

168 4408 255 4473 Ἀίδα
276 4411 395 4488 δόμοισι
416 4407 532 4494 Eurip.
551 4409 670 4473 Alcest
691 4430 722 4470 v.
737 4427 813 4491 439.
836 4407 876 4472 cf.
900 4424 932 4471 et
953 4410 1085 4473 Homer.
1111 4408 1204 4474 Iliad.
1228 4415 1268 4475 Θ.

166 4512 246 4592 481.
291 4513 439 4577 Ceterum
462 4534 500 4574 ex
524 4508 555 4573 h.
570 4511 590 4574 l.
609 4507 797 4597 AEschylum
819 4509 914 4574 solem
936 4533 1008 4576 cum
1028 4510 1179 4599 Apolline
1200 4533 1271 4598 pet·

679 4611 769 4675 nd2
