2978 5062
335 350 404 415 AD
427 350 619 416 SEPTEM
643 352 893 418 ADVERSUS
917 351 1120 416 THEBAS.
1216 351 1276 415 181

224 523 365 595 Παλλὰς,
388 520 432 601 ἥτ’
456 523 647 606 άγχάττολις]
673 521 849 589 Probabilis
872 521 1001 588 Stauleii
1027 521 1207 609 conjectura
1231 534 1279 586 eat

182 625 312 691 Παλλὰς
324 621 368 702 ἥδ’
384 624 571 707 ἀγχίπτολις.

224 747 301 815 503.
316 732 472 817 δύσχιμον]
488 719 635 815 δήσχῖμον
648 735 698 797 Μ.
721 735 884 818 δάσχειμον
897 731 978 798 Ald.

224 835 299 918 506.
330 835 520 915 ἐξιστορῆσαι
543 841 650 917 μοῖραν
678 833 773 912 θέλει,
798 835 830 900 h.
853 858 879 900 e.
906 834 1040 921 experiri
1067 834 1148 915 vult,
1173 849 1280 901 utrum

182 933 305 999 vincere
319 933 379 999 sibi
393 934 465 999 fatis
479 934 640 1000 decretum
655 936 705 1011 ait,
720 958 760 999 an
774 936 936 1001 honestam
951 960 1009 1022 pro
1027 937 1129 1023 patria
1147 951 1280 1001 mortem

181 1051 341 1124 oppetere.
386 1038 482 1102 Certe
496 1036 573 1102 nihil
586 1038 673 1102 aliud
688 1038 716 1102 ei
731 1037 927 1126 propositum
942 1053 999 1117 est,
1015 1038 1074 1103 nisi
1088 1053 1145 1104 aut
1159 1038 1282 1103 vincere

183 1153 238 1205 aut
253 1138 342 1203 mori.
367 1140 468 1203 SCH.

226 1256 299 1324 507.
316 1239 394 1328 οὔθ’]
411 1239 469 1305 οὐδ’
484 1240 605 1327 aliquot
618 1241 710 1307 oodd.
726 1257 758 1306 et
773 1241 851 1306 Ald.
868 1244 973 1306 Turn.
1004 1249 1027 1280 “
1042 1240 1281 1309 Adumbratuur

184 1342 310 1407 videtur
330 1341 479 1429 loquendi
500 1366 601 1429 genua
621 1368 660 1410 ex
677 1347 819 1410 Homero
835 1344 926 1410 Iliad.
943 1352 982 1421 A,
998 1364 1069 1426 114.
1087 1346 1151 1411 ἐπεὶ
1163 1347 1198 1411 οὔ
1213 1347 1283 1413 ἔθευ

185 1445 393 1610 ΙΙσῖΙΟχΙΙΙιὲίων
407 1447 454 1510 Οιί
468 1444 567 1526 δέμας,
584 1448 652 1513 οὐδὲ
668 1449 757 1530 φυήν,
773 1446 833 1514 οὔτ’
849 1449 886 1513 αὖ
904 1447 1026 1530 φρένας,
1041 1448 1110 1527 οὔτε
1130 1474 1159 1514 τι
1181 1448 1284 1534 έργα.”

228 1648 302 1732 508.
324 1647 446 1736 Ἑρμῆς]
469 1651 679 1737 Inexapectati
702 1650 780 1716 lucri
802 1665 928 1717 auctor:
954 1652 1040 1737 quod
1064 1652 1143 1717 bene
1165 1652 1285 1717 notavit

186 1749 359 1815 scholiasta.
382 1752 559 1816 BLOMF.

229 1852 397 1935 ξυνήγαγεν
411 1852 599 1918 Brunckiua.
623 1853 794 1937 συνήγαγεν
808 1854 890 1921 libri.

230 1955 594 2041 omnm

230 2060 285 2141 τῷ]
305 2057 346 2121 Id
361 2071 408 2120 est
423 2055 457 2142 ql.

230 2158 421 2244 ξυστήσεται]
437 2159 635 2239 ξυνστήσεται
651 2159 701 2224 Μ.

231 2275 306 2345 513.
324 2260 480 2347 σταδαῖος]
496 2262 672 2326 Statorius.
696 2262 859 2327 Onomaat.
876 2264 947 2328 Vet.
981 2263 1034 2328 Sic
1047 2263 1128 2330 enirn
1144 2265 1215 2354 lego
1228 2289 1288 2354 pro

190 2366 351 2429 σταδιαῖος.
366 2361 483 2449 Apoll.
507 2362 615 2427 Rhod.
636 2383 669 2448 3,
692 2381 784 2447 1225.
808 2365 938 2446 Θώρηκα
959 2365 1091 2430 στάδιον.
1114 2367 1169 2431 ubi
1191 2367 1286 2433 schol.

190 2467 237 2530 ὅτι
257 2465 310 2529 οὐκ
332 2465 370 2544 ήν
395 2466 577 2533 ἅλυσίδιιτος
602 2466 684 2530 ἀλλὰ
708 2471 868 2534 στοδιαῖος.
913 2468 1001 2552 Lege
1026 2472 1176 2536 σταδαῖος.
1201 2482 1233 2534 et
1254 2468 1287 2533 in

191 2566 311 2633 Polluc.
326 2570 354 2633 1.
368 2588 418 2632 ιο.
434 2589 484 2652 19.
497 2568 624 2632 crotala
635 2567 726 2652 μάχη.
749 2567 821 2632 Vid.
835 2567 929 2644 1111,
943 2588 1016 2650 240.
1028 2570 1178 2635 Eustath.
1190 2570 1232 2635 ad
1244 2570 1286 2635 Il.

193 2675 237 2734 Η.
254 2692 286 2757 p.
302 2671 378 2754 678,
391 2689 445 2755 31.
460 2672 507 2734 ὅτι
521 2671 586 2734 δέά
606 2675 746 2739 σταδαῖος
765 2671 824 2735 ἆπδ
846 2677 899 2735 τοῦ
921 2671 1033 2752 στάδην
1054 2673 1290 2754 γάνεται-καθδ

191 2775 225 2837 έκ
242 2778 294 2836 τοῦ
312 2774 438 2856 χήδηνά
457 2776 589 2856 χυδαῖος,
605 2774 699 2852 δήλόν
713 2775 806 2839 ἔστιν.
829 2775 917 2838 Pera.
933 2793 1010 2854 240.
1028 2772 1130 2859 Ἐγχη
1152 2779 1287 2840 σταδαῖα.

191 2874 286 2940 Verte
299 2873 397 2960 igitur
409 2872 509 2953 ἧσται,
524 2874 701 2939 collocatur.
724 2875 901 2941 BLOMF.

233 2977 336 3061 χερδς]
352 2975 455 3060 χειρὸς
469 2975 589 3062 aliquot
603 2975 696 3041 codd.
715 2976 792 3041 Ald.
808 2977 890 3043 Rob.

234 3078 371 3162 φλέγων]
390 3076 492 3160 φέρον
504 3077 624 3164 aliquot
638 3078 729 3143 codd.
744 3094 776 3143 et
791 3079 876 3144 Rob.
921 3081 1000 3144 Duo
1014 3079 1103 3162 ἔχων.

233 3199 310 3265 514.
327 3180 400 3265 εἶδε]
419 3180 499 3245 εἶδεν
514 3181 564 3244 Μ.
586 3181 649 3246 οῖδε
665 3181 816 3246 Cantabr.
830 3180 951 3267 primus
965 3194 997 3245 et
1011 3181 1095 3245 Rob.

233 3282 304 3369 σου]
332 3287 384 3347 τοῦ
412 3281 583 3348 Elmaleius
605 3282 638 3346 iu
664 3283 834 3369 Quurtcrlrj
858 3284 987 3347 Review
1011 3281 1074 3346 vol.
1101 3296 1131 3365 7.
1156 3304 1190 3369 p.
1211 3286 1288 3365 461.

192 3386 287 3466 Quod
301 3407 410 3450 verum
425 3384 562 3451 videtur.

233 3503 416 3573 515-520.
452 3487 553 3552 τοιάδε
579 3486 682 3567 μέντοι
708 3486 894 3568 προσφίλεια
922 3486 1080 3564 δαιμόνιον·
1100 3483 1106 3572 Ι
1124 3484 1199 3567 πρὸς
1230 3492 1290 3553 τᾶν

193 3593 377 3673 κρατούντων
396 3588 420 3653 δ’
437 3592 539 3670 ἐσμὲν,
555 3591 585 3654 ol
606 3587 630 3654 δ’
645 3586 840 3668 ἡσσωμένων,
861 3584 867 3674 Ι
886 3589 914 3651 εἰ
932 3586 1008 3653 Ζεάς
1028 3611 1065 3667 γε
1078 3592 1172 3669 Touo
1187 3614 1290 3671 καρτε-

192 3693 317 3774 ριέτερος
330 3691 423 3775 μάχῃ.
444 3690 451 3779 Ι
470 3692 548 3760 εῖιιδς
566 3694 599 3757 δὲ
618 3695 742 3773 πράξειν
761 3691 870 3772 ἄνδρας
884 3687 932 3755 ὧδ’
949 3687 1136 3758 ἀντιστάτας·
1157 3688 1163 3775 Ι
1180 3688 1290 3773 Ὑπερ-

192 3798 251 3880 βίῳ
276 3820 319 3869 τε,
344 3793 418 3876 πρὸς
439 3791 534 3875 λόγον
555 3797 608 3858 τοῦ
634 3792 774 3874 σήματος,
794 3792 801 3878 Ι
819 3792 918 3874 σωτήρ
943 3790 1051 3874 γένοιτ’
1075 3791 1113 3856 δν
1137 3793 1220 3872 Ζεὺς,
1244 3794 1293 3860 ἐπ’

193 3897 319 3963 ἀσπίδος
332 3896 456 3980 τυχών]
474 3894 598 3959 Μίτυος
615 3908 663 3959 cat
682 3909 746 3960 tarn
768 3894 823 3959 diu
846 3894 904 3959 hoa
918 3916 1026 3958 veraua
1043 3916 1102 3981 pro
1117 3892 1293 3982 AEschyleia

193 3996 301 4062 haberi
327 3996 481 4083 putuisaae
505 4019 586 4084 quoa
610 3996 711 4061 omnia
731 3995 954 4061 sententiarum
980 3994 1190 4083 dictionisque
1209 3997 1294 4064 oolor

195 4121 256 4163 non
282 4121 348 4163 ease
373 4098 414 4163 ab
440 4098 596 4187 AEachylo
620 4097 752 4186 acriptoa
779 4098 895 4185 arguit,
922 4097 977 4173 aed
1002 4097 1044 4163 ab
1071 4097 1294 4186 interpolatore

193 4200 342 4289 adjectos,
357 4200 413 4288 qui
427 4201 515 4288 quod
530 4199 666 4266 breviter
679 4199 881 4288 graviterque
890 4199 1032 4267 versibus
1045 4200 1296 4288 praecedentibus

194 4303 411 4369 enuntiaverat
426 4300 599 4390 AEschylua
613 4299 742 4367 molesta
755 4300 882 4366 diduxit
895 4300 1092 4388 loquacitate.

237 4423 312 4490 515.
335 4403 435 4473 τοιάδε
455 4402 559 4484 μέντοι
579 4404 764 4487 προσφίλεια
784 4403 946 4486 δαιμόνιον]
962 4403 1009 4467 Η.
1024 4424 1051 4477 θ.
1067 4401 1113 4467 uic
1132 4403 1296 4492 dispertita
