2978 5062
537 357 605 420 AD
627 356 817 422 PERSAS.
1160 356 1225 421 uls

126 525 227 601 hosts,
242 527 330 588 τοῦτό
344 535 439 607 φησιν
452 527 469 589 ὁ
486 525 599 607 Ξέρξης
612 525 686 606 πρὸς
704 524 759 588 τὸν
772 524 875 607 χορὸν,
891 525 938 587 ὅτι
951 526 1041 606 ῐνγγα
1056 525 1106 588 καὶ
1119 525 1226 605 φιλίαν

127 627 176 691 καὶ
189 626 299 706 ἡδονὴν
312 632 372 689 τῶν
386 627 506 708 ἀγαθῶν
521 628 646 709 ἑταίρων
659 651 710 706 μοι
724 631 853 707 Περσῶν
867 625 1104 706 ὑπομιμνήσκεις.

169 729 232 812 μοι]
251 753 289 808 με
303 727 388 791 Rob.
423 729 498 792 Om.
516 728 644 792 Beroen.

171 850 246 915 990.
267 830 511 916 ὑπσμηινήσιεις]
529 831 727 912 ὑσομνήσκεις
742 830 893 895 Cantsbr.
909 829 1039 917 primus.
1085 830 1225 896 Verbum

127 955 168 997 ex
190 931 374 1017 glossemate
394 932 527 999 illatum.
574 935 656 998 Nam
680 946 815 998 metrum
837 931 937 1020 poscit
959 930 1119 1020 dipodism
1144 947 1227 996 cats-

127 1033 277 1098 lecticam.

172 1156 247 1221 991.
263 1137 370 1202 άλαστ’
386 1139 506 1202 &loom
521 1139 735 1202 Hermannus.
781 1135 903 1200 Aberat
918 1134 1035 1206 θλασθ.

172 1240 320 1324 πρόκακα]
337 1240 395 1322 πρὸ
412 1243 487 1304 κατὰ
501 1238 578 1303 Ald.

173 1361 246 1427 992.
271 1346 333 1426 βοᾷ
359 1344 419 1426 βοᾷ
444 1341 561 1422 μελέων
586 1341 710 1405 ἔνδοθεν
733 1338 816 1424 ἦτορ]
843 1340 916 1403 Non
942 1339 1132 1424 respondent
1160 1338 1229 1404 haeo

130 1443 233 1506 verbis
250 1443 283 1507 in
301 1443 430 1530 stropha
451 1443 576 1531 positis:
607 1442 842 1529 respondebunt
864 1440 906 1505 sio
929 1457 1061 1521 mutata,
1083 1446 1145 1527 βοᾷ
1166 1446 1228 1527 βοᾷ

128 1571 180 1625 μοι
193 1545 311 1626 μελέαν
325 1547 469 1611 ἔντοσθεν
482 1546 563 1627 ἦτορ.
586 1545 729 1609 ἔντοσθεν
745 1542 959 1608 Blomfieldus.

173 1669 246 1733 993.
270 1650 367 1714 ἄλλον
383 1648 598 1714 Blomlieldus.
622 1651 702 1714 ἄλλο
723 1645 793 1712 libri
813 1662 845 1712 et
864 1647 1037 1725 soholissts‚
1052 1646 1108 1733 qui
1127 1647 1230 1728 ἕτερόν

130 1778 159 1814 τι
173 1751 407 1837 interpretatur.

174 1850 226 1934 γε]
242 1876 275 1914 τε
291 1854 328 1914 C.
351 1876 380 1914 τι
393 1851 514 1914 codices
528 1848 669 1912 nonnulli
684 1864 716 1912 et
731 1850 842 1935 Steph.

175 1971 249 2035 994.
267 1951 412 2034 Μάρδων]
429 1949 555 2031 Μάρδον
570 1951 608 2013 C.
623 1948 738 2035 aliique
752 1950 855 2035 pauci.

174 2051 401 2137 μνριάνταρχσν]
423 2048 623 2134 μνριάναρχον
636 2050 720 2115 Rob.
767 2050 961 2115 Vocabulum
984 2074 1024 2115 ex
1045 2049 1230 2136 glossemate

131 2155 264 2222 illatum.
310 2155 444 2221 Scribis
457 2168 550 2241 poeta
570 2153 674 2241 potuit
694 2151 882 2235 μνριοταγόν.
904 2151 1106 2236 μυριάδαρχον
1121 2151 1228 2217 Blom·

132 2257 253 2322 fieldus.

176 2382 217 2446 99
218 2379 251 2446 5.
269 2360 390 2429 Ξάνθον
404 2361 490 2427 Rob.
507 2358 629 2438 Ξάνθην
638 2356 709 2423 libri
721 2357 841 2445 reliqui.
866 2360 938 2436 Quo
949 2373 1094 2423 revocato
1104 2358 1231 2423 Ahren-

132 2463 197 2526 sius
211 2486 243 2549 p.
256 2483 305 2528 10.
325 2463 460 2528 correxit
482 2460 604 2542 Ξάνθην
621 2459 727 2543 Ἀριάν
748 2460 773 2524 τ’
795 2458 958 2544 Ἀγχάρην.
983 2461 1107 2543 Κομμὸν
1124 2459 1232 2544 Ἀριον

133 2565 215 2629 dixit
230 2565 401 2652 AEschylus
417 2563 560 2650 Choeph.
575 2583 650 2649 423.

178 2667 253 2752 996.
275 2665 438 2750 Ἀρσάκην]
466 2664 621 2746 Ἀρσάμην
651 2664 825 2728 Bumeius:
863 2665 950 2752 quod
980 2687 1091 2730 nomen
1116 2665 1231 2752 legitur

135 2793 163 2833 v.
178 2787 233 2853 37.

178 2869 251 2953 998.
269 2864 443 2947 Κηδαδάταν
458 2868 509 2930 Μ.
524 2867 640 2954 aliique
659 2866 809 2932 nonnulli.
833 2868 1031 2951 Κυγδαγάταν
1046 2869 1126 2935 Ald.
1150 2876 1230 2954 Κνγ-

134 2970 227 3037 δάταν
241 2970 326 3034 Rob.
344 2968 534 3052 Κιγδαγάταν
548 2972 652 3036 Turn.
677 2968 829 3053 Κιγδάδαν
845 2970 893 3035 vel
909 2971 1098 3055 Κιγδαθάταν
1110 2972 1232 3062 aliquot

133 3074 226 3140 oodd.
271 3075 344 3137 Non
359 3071 459 3156 liquet
472 3095 546 3158 quae
559 3095 632 3137 vera
647 3074 687 3138 sit
701 3072 797 3161 hujus
811 3073 944 3139 nominis
958 3075 1120 3164 seriptum.

177 3172 346 3260 Λυθίμναν]
362 3176 498 3254 Λυθίμαν
513 3177 557 3237 Α.

178 3298 251 3362 999.
265 3275 404 3361 Τόλμον]
420 3273 512 3355 τάμον
525 3274 602 3339 Ald.
625 3273 741 3355 τόλμαν
755 3275 855 3340 Psris.
871 3274 947 3340 duo.

177 3381 203 3442 τ’
217 3377 360 3443 additum
376 3399 415 3440 ex
431 3378 476 3440 A.

177 3484 285 3564 αἰχμᾶς
300 3479 396 3544 ΑΜ.
412 3476 522 3542 Guels.
545 3479 653 3561 αἰχμῆς
666 3475 772 3564 vulgo.

180 3602 274 3648 1000.
297 3583 396 3646 Hunc
410 3602 534 3645 versum
554 3595 588 3644 et
607 3594 787 3666 sequentem
802 3578 898 3643 choro
911 3578 1106 3644 oontiuusvit
1120 3582 1232 3647 Pssso·

135 3685 212 3749 vius.
258 3683 348 3748 Libri
364 3681 468 3746 Xerxi
483 3681 636 3745 tribuunt.

177 3787 290 3868 ἔταφεν
309 3785 421 3866 ἔταῲεν
440 3806 479 3847 ex
500 3783 679 3869 conjecturs
695 3781 889 3847 Valolrenarii
908 3782 950 3848 sd
965 3783 1079 3872 Eurip.
1095 3783 1230 3872 Hippol.

138 3907 227 3970 1247.
244 3886 365 3950 illatum
387 3885 581 3950 sBrunolrio
601 3886 743 3973 aliisque,
757 3902 789 3951 et
810 3886 920 3975 legisse
942 3887 1067 3952 videtur
1089 3909 1171 3951 unus
1192 3909 1232 3951 ex

133 3988 314 4067 scholisstis‚
328 3988 385 4076 qui
398 4010 456 4076 per
470 3986 626 4070 ἐτάφησαν
638 3988 880 4076 interpretatur:
903 3988 983 4054 nlius
998 4013 1055 4077 per
1069 3989 1231 4054 ἀπέθανον.

133 4090 361 4156 Revocandum
375 4090 461 4177 quod
476 4090 508 4153 in
523 4089 609 4154 libris
622 4107 669 4156 est
683 4091 797 4174 ἔταφον
812 4093 937 4174 ἔταφον,
952 4094 1107 4180 οάτθιιριιὲ.

179 4197 232 4261 οὐκ
246 4218 309 4260 om.
324 4194 406 4258 Rob.

182 4317 274 4362 1001.
289 4292 535 4380 τροχηλάτοισιν]
552 4293 747 4378 τροχηλάτσις
761 4295 845 4359 Rob.

179 4401 284 4465 ὄπιθεν
299 4398 510 4470 Welluuerus,
525 4397 739 4482 praeeuntibus
754 4397 912 4476 Passovio,
927 4397 982 4484 qui
1002 4401 1089 4463 ὄπιθε
1105 4400 1234 4488 scripse·

136 4516 193 4579 rat,
217 4517 248 4565 et
275 4498 473 4576 Blomfieldo‚
495 4498 551 4584 qui
577 4496 602 4561 δ’
627 4497 793 4563 deleverat.
839 4499 1022 4586 Legebstur
1048 4502 1173 4568 ὄπισθεν
1196 4500 1232 4566 δ’.

641 4621 663 4663 n
678 4619 729 4664 τι
