2978 5062
192 350 236 416 64
554 349 933 414 ANNOTATIONES

188 514 298 588 Ἀτλα,
315 517 363 578 καὶ
376 521 519 595 μαρτνρεΐ
530 515 564 578 τὸ
578 515 788 597 Ἀτλαγενέων
805 516 903 601 (apud
921 514 1052 579 Hesiod.
1069 517 1132 600 Op.
1147 514 1249 598 381.)·
1266 517 1295 578 oi

191 618 302 680 πολλοὶ
316 618 348 679 δὲ
363 617 541 697 ἀγνοοῦντες
557 619 685 680 ἐνταῦθα
696 615 851 680 Ἄτλαντα
871 616 1024 698 λέγουσιν,
1041 617 1094 679 οὐκ
1116 617 1228 682 είδότες
1249 617 1295 680 ὅτι

124 718 128 724 ’
191 719 226 781 τὸ
246 717 272 782 θ’
287 744 320 783 τε
339 720 432 782 ἐστίν.
455 717 473 796 ἣ
493 719 528 780 τὸ
542 724 657 782 Τιτᾶνα
676 719 717 798 μὴ
740 718 904 799 έκληπτέον
923 721 966 785 εἷς
987 718 1043 781 τὸν
1054 723 1196 798 Τυφῶνα,
1213 719 1296 782 ἀλλά

191 818 359 883 σνναπτέον
372 819 447 900 πρὸς
468 819 522 883 τὸν
532 819 700 899 Ἀτλαντα,
715 822 764 884 καὶ
783 823 874 886 οὕτως
895 820 948 883 οθκ
967 806 1096 883 tarto*
1113 819 1180 882 άντὶ
1193 825 1247 882 τοῦ
1261 843 1295 882 τε

191 924 291 998 εἴποις,
309 920 565 985 άλλὰἈτλαντα.
603 922 696 986 Dixit
713 921 754 985 de
776 922 835 985 hac
854 920 1023 986 accusativi
1045 920 1147 983 forma
1162 919 1292 983 Choero-

191 1023 303 1086 boscus
325 1023 354 1086 in
379 1021 513 1086 Bekkeri
530 1023 654 1086 Anecd.
673 1045 702 1108 p.
723 1023 813 1106 1183.
830 1022 975 1104 λέγουσιν
990 1024 1019 1084 oi
1036 1022 1154 1100 ποιηταὶ
1173 1021 1293 1084 πολλά·

191 1150 235 1190 κις
250 1127 266 1187 ὁ
283 1127 356 1190 Αίας
367 1129 419 1187 τοῦ
435 1127 496 1187 Αἶα
510 1125 557 1187 καὶ
572 1127 590 1186 ὁ
606 1126 706 1205 Δρόας
719 1128 771 1187 τοῦ
787 1126 871 1204 Δρόα
887 1124 935 1186 καὶ
949 1126 966 1185 ὁ
982 1124 1067 1188 Θόας
1088 1127 1140 1184 τοῦ
1156 1123 1235 1194 Θόο,
1253 1124 1294 1187 ὥς

190 1225 258 1306 παρ’
274 1225 408 1310 Ἡσιόδῳ
432 1227 484 1304 “ἡ
506 1228 538 1290 δὲ
554 1229 642 1290 Θόαν
662 1227 749 1290 τέκεν
769 1224 852 1290 vta?
876 1227 925 1288 καὶ
947 1223 1013 1305 παρ’
1029 1224 1160 1306 Ἀλκαίῳ
1181 1231 1202 1261 “
1215 1226 1294 1287 Αίαν

191 1329 244 1392 τὸν
259 1329 411 1408 άριστον.”
433 1331 462 1391 οἱ
477 1331 534 1410 γάρ
553 1329 672 1405 ποιηταὶ
689 1327 785 1411 μέτρῳ
801 1329 993 1392 δουλεύοντες
1014 1323 1161 1390 πολλάκις
1175 1328 1224 1387 διὰ
1238 1325 1293 1402 τὴν

192 1431 325 1510 ἀνάγκην
340 1433 393 1492 τοῦ
405 1429 513 1510 μέτρου
527 1431 750 1509 παραβαίνουσι
764 1428 818 1492 τὸν
833 1430 953 1491 κανόνα.

233 1547 311 1613 429.
332 1529 482 1612 ὑπέροχον
504 1531 717 1593 Hermannus.
760 1528 849 1592 Libri
872 1531 1041 1611 ὑπείροχον.
1080 1529 1197 1591 Forma
1220 1530 1291 1592 Ho-

192 1629 306 1693 merica
318 1629 359 1692 ab
374 1628 505 1693 librariis
520 1628 615 1708 illata,
631 1643 666 1693 ut
682 1629 713 1693 iu
732 1629 894 1715 Sophoclis
909 1629 1058 1693 Trachin.
1074 1631 1168 1713 1096.

234 1751 308 1816 430.
325 1731 433 1798 σθένος
448 1732 587 1813 κραταιὸν
601 1730 738 1812 ον’ράνιόν
749 1756 782 1795 τε
795 1729 908 1815 πόλον]
923 1730 1129 1794 Manifestum
1141 1744 1188 1794 est
1200 1744 1293 1794 terrae

192 1855 304 1895 nomen
319 1831 495 1896 desiderari.
543 1831 747 1897 Scribendum
763 1831 913 1914 ὑπέροχον
927 1830 1035 1899 σθένος
1054 1834 1193 1913 κραταιάν
1212 1831 1218 1916 Ι
1237 1833 1293 1913 γᾶς

192 1933 331 2014 οὐράνιόν
345 1959 378 1998 τε
392 1931 498 1998 πόλον.

236 2035 350 2120 νεάτοις]
365 2037 454 2115 ὤμοις
468 2034 550 2100 dixit
565 2059 595 2099 v.
611 2037 687 2119 348.

364 2136 582 2211 -JArtavros,
599 2137 720 2218 ὅςπρὸς
735 2135 880 2217 έσπέρονς
894 2134 1002 2201 τόπονς

364 2240 471 2319 ἕστηκε
486 2238 557 2302 κίον’
574 2239 700 2319 οὐρανοῦ
714 2263 748 2301 τε
763 2237 811 2300 καὶ
825 2237 935 2319 χθονὸς

364 2340 452 2418 άμοις
467 2342 587 2420 έρείδων
601 2339 695 2419 άχθος
708 2337 761 2399 οὐκ
777 2334 952 2416 εὐάγκαλον.

192 2454 244 2518 Sic
258 2469 361 2518 autem
380 2457 498 2521 variant
521 2467 622 2542 poetae
645 2455 675 2516 in
698 2467 781 2517 statu
798 2453 938 2516 Atlantis
958 2454 1171 2533 describendo,
1189 2470 1225 2521 ut
1239 2457 1292 2521 alii

191 2553 301 2638 capite,
316 2554 367 2616 alii
382 2555 531 2631 humeris,
545 2554 597 2616 aiii
612 2552 705 2615 dorso
719 2551 831 2615 coelum
844 2550 884 2614 ab
898 2573 936 2614 eo
951 2551 1051 2614 fulciri
1069 2552 1201 2616 tradant.
1246 2556 1292 2617 Et

194 2655 354 2717 Homerus
378 2653 505 2739 quidem
533 2652 713 2739 simpliciter
741 2652 827 2715 nulia
852 2668 941 2738 parte
966 2653 1104 2738 corporis
1132 2653 1293 2718 nominata

192 2754 308 2839 Odyss.
326 2761 363 2830 A,
379 2770 430 2838 53.

445 2854 534 2937 Ἐχει
549 2854 583 2918 δέ
597 2881 628 2917 τε
646 2859 744 2921 κίονας
759 2856 846 2921 αὐτὸς

277 2960 390 3036 μακρὰς
405 2959 436 3019 αἱ
451 2955 540 3036 γαῖάν
555 2980 587 3018 τε
602 2957 651 3018 καὶ
666 2956 792 3036 οὐρανὸν
807 2958 900 3036 ἀμφίς
914 2955 1030 3038 έχουσι.

195 3072 354 3137 Hesiodus
368 3073 468 3158 capite
482 3086 514 3135 et
529 3073 672 3136 manibus
688 3073 811 3159 Theog.
828 3091 922 3158 517.:

274 3188 390 3258 Ἀτλας
404 3189 428 3255 δ’
443 3191 571 3271 οὐρανὸν
587 3191 672 3271 εὐρὺν
687 3191 753 3273 ἔχει
768 3194 906 3271 κρατερῆς
920 3192 969 3253 ὑπ’
984 3193 1112 3274 ἀνάγκης

277 3294 415 3373 πείρασιν
432 3294 466 3354 έν
480 3293 574 3372 γαίης,
590 3289 708 3372 πρόπαρ
722 3289 909 3371 Ἑσπερίδων
923 3294 1103 3373 λιγυφώνων

278 3394 399 3470 ἑστηὼς,
416 3395 534 3479 κεφαλῇ
549 3417 581 3455 τε
597 3393 645 3455 καὶ
659 3391 834 3470 θκαμάτοισι
848 3391 984 3473 χέρεσσι.

192 3509 339 3596 Euripidi
354 3532 428 3572 vero
442 3508 558 3572 dicitur
575 3511 644 3571 Ion.
661 3529 689 3571 1.

272 3609 388 3674 Ἀτλας
402 3612 419 3671 ὁ
434 3608 593 3691 χαλκέοισι
606 3611 709 3674 νότοις
723 3608 850 3688 οὐρανὸν

272 3716 348 3774 θεῶν
362 3709 493 3772 παλαιὸν
507 3708 588 3772 οἶκον
603 3711 755 3789 ἐκτρίβων.

193 3826 243 3890 Sic
265 3827 357 3892 etiam
381 3824 508 3911 ignotus
531 3837 641 3887 auctor
670 3822 905 3903 versiculorum,
930 3849 1011 3912 quos
1034 3826 1064 3889 in
1092 3829 1160 3892 ood.
1186 3831 1290 3896 Viteb.

191 3926 367 3991 scholiastes
381 3925 421 3990 ad
444 3926 529 3988 huno
544 3924 701 4011 AEschyli,
715 3947 808 4009 quem
825 3939 1005 4005 tractamus,
1019 3928 1121 3992 iocum
1138 3930 1292 4012 laudavit,

191 4026 319 4111 quique,
342 4027 397 4091 sed
418 4027 538 4112 aliquot
560 4024 634 4088 locis
652 4024 886 4103 emendatiores,
911 4026 1061 4112 leguntur
1080 4031 1112 4094 iu
1135 4033 1291 4096 Eudociae

190 4123 289 4207 Ἰωνιᾷ
304 4149 335 4212 p.
350 4129 396 4189 16.

278 4246 382 4308 Μῦθος
395 4245 534 4316 παλαιὸς,
552 4245 589 4309 ὣς
599 4241 715 4309 Ἀτλας
730 4245 833 4308 νώτοις
847 4242 933 4323 φέρει

275 4341 329 4402 τὸν
343 4341 471 4421 οὐρανὸν
486 4343 618 4406 κάτωθεν
632 4346 664 4405 ἐκ
679 4347 733 4421 γῆς
748 4343 874 4423 ἀνέχων.

276 4441 315 4502 σὺ
324 4445 398 4519 γοῦν
414 4443 528 4504 άκούιιν
539 4446 631 4520 γνῶθι
646 4441 720 4503 τοῦτ’
737 4440 922 4521 άλληγόροις.
