2978 5062
616 358 684 419 AD
708 358 896 421 PERSAS.
1241 358 1306 423 287

250 522 323 607 653.
347 522 427 608 οὔτε]
452 521 657 600 Scribendum
673 522 751 586 οὐδέ.
788 521 967 587 Brunckius
981 537 1102 585 serrato
1116 523 1184 587 οὔτε
1198 523 1304 606 proxi·

205 642 291 684 mum
309 625 342 686 δὲ
356 622 389 686 in
404 651 438 688 τε
452 624 594 689 mutavit.

250 727 270 786 6
270 741 290 809 5
292 741 323 810 5.
340 725 524 811 θεομήστωρ]
540 728 609 789 Par
623 727 912 791 diisconsilicrius.
943 727 996 789 Ex
1013 723 1184 788 Homerico
1198 728 1305 808 θεόφιν

204 826 326 909 μήστωρ
349 826 526 902 ἀτάλαντος,
550 828 642 892 Iliad.
660 835 701 906 H,
717 832 792 913 366.
808 843 866 893 etc.
890 826 1075 908 Θεομήστωρ
1097 825 1225 912 quidam
1249 830 1305 892 Sa-

204 928 339 992 miorum
364 947 515 1016 tyrannus
537 947 727 995 memoratur
750 931 904 995 Herodot.
923 935 953 1007 8,
971 932 1024 1015 85.
1063 927 1231 1016 Inscriptio
1252 953 1303 1017 ap.

206 1033 303 1117 Spon.
321 1031 415 1096 Misc.
431 1032 533 1096 Erud.
550 1034 628 1096 Ant.
644 1056 676 1119 p.
691 1035 766 1117 368.
783 1040 869 1113 σῶμα
881 1035 937 1114 μὲν
956 1033 1008 1113 ήδε
1024 1035 1102 1098 κόνις
1119 1033 1216 1096 κεύθει
1238 1037 1305 1097 θεο-

203 1133 352 1215 μήστορος
366 1136 480 1216 ἀνδρός.
505 1137 679 1199 BLOMF.

248 1236 321 1319 657.
343 1237 496 1321 ἔποδόκει]
520 1239 668 1301 ἐπωδόκει
695 1239 844 1301 Cantabr.
867 1237 994 1322 primus.
1033 1235 1215 1313 Scholiasta,
1238 1236 1303 1300 ἐπεὶ

202 1338 256 1401 οὖν
272 1339 320 1401 καὶ
332 1346 429 1406 καλῶς
444 1341 585 1404 ἑποδιόκει
599 1342 647 1404 καὶ
668 1342 750 1404 ἴθυνε
772 1343 820 1404 καὶ
834 1341 891 1404 ὑπὸ
906 1338 960 1403 τὸν
976 1341 1080 1403 ἑαυτοῦ
1095 1340 1172 1402 πόδα
1186 1339 1303 1422 ἡνιόχει

203 1439 257 1502 τὸν
272 1443 413 1522 στρατόν.
458 1444 575 1506 Versus
596 1441 681 1529 quod
704 1441 843 1528 postulat
864 1464 922 1528 pro
938 1442 998 1505 isto
1016 1440 1128 1504 vitioso
1150 1442 1302 1519 ἑποδόκει,

204 1564 294 1605 versu
321 1543 479 1629 strophico
502 1543 644 1622 docente,
663 1544 719 1630 qui
744 1545 873 1632 quidem
903 1561 940 1610 ut
969 1567 1030 1608 uon
1059 1542 1143 1609 omni
1173 1542 1301 1608 dubita·

203 1642 287 1706 tione
316 1661 470 1723 exemtus,
500 1646 544 1710 ita
579 1646 638 1710 hac
673 1649 704 1710 in
743 1663 831 1732 parte
861 1662 950 1713 tutus
978 1647 1113 1725 videtur,
1145 1646 1206 1711 tale
1235 1662 1299 1713 est:

201 1781 224 1808 υ
238 1784 260 1794 -
273 1783 296 1794 -
309 1744 342 1809 3.
381 1746 423 1810 Id
438 1763 553 1834 praesto
567 1748 722 1813 lenissima
736 1750 962 1830 emendatione,
976 1753 1075 1829 ἔσκεν,
1093 1750 1157 1813 ἐπεὶ
1172 1751 1301 1832 στρατὸν

202 1848 235 1911 εὖ
249 1847 314 1912 πόδ’
331 1850 451 1926 ὡδόκει,
467 1867 628 1936 praeeunte
644 1852 839 1930 Hermanno,
855 1853 911 1938 qui
925 1852 998 1916 olim
1021 1850 1184 1938 proposuit
1197 1873 1300 1916 emen·

201 1947 358 2014 dationem
374 1951 440 2015 ποθ
457 1954 576 2016 ὡδόκει.
606 1955 688 2016 Cum
704 1955 932 2018 constructione
946 1952 1113 2018 accusativi
1126 1955 1203 2016 πόδα
1217 1976 1300 2016 com·

200 2067 330 2136 paretur
353 2054 453 2140 Soph.
475 2055 554 2119 OEd.
577 2053 645 2119 Col.
665 2075 735 2140 113.
755 2057 794 2120 σή
811 2055 841 2136 μ’
858 2059 890 2135 ἐξ
912 2059 982 2120 ὁδοῦ
1002 2057 1080 2119 πόδα
1100 2056 1217 2136 κρύψον
1237 2053 1299 2119 κατ’

201 2155 305 2223 ἄλσος.
351 2157 546 2221 NAEKIUS
568 2157 600 2221 in
623 2157 775 2244 prooemio
796 2157 962 2222 lectionum
990 2157 1187 2221 hibernarum
1212 2157 1297 2220 Bon-

200 2257 342 2321 nensium
358 2281 386 2322 a.
406 2259 464 2343 183
467 2279 498 2342 5.
513 2283 544 2345 p.
560 2279 593 2344 3.
633 2261 705 2323 Hac
719 2261 898 2347 conjectura
912 2281 1020 2323 verum
1037 2280 1145 2322 senon
1161 2257 1299 2344 attigisse

200 2357 334 2423 Naelrius
356 2359 422 2442 ipse
448 2361 648 2448 postmodum
674 2361 747 2426 mihi
773 2362 930 2427 concessit.
963 2363 1100 2444 ἑποδόχει
1126 2359 1299 2444 conjecerat

201 2461 306 2526 Faber
320 2463 424 2550 Epist.
446 2485 473 2527 1.
496 2488 528 2552 p.
545 2482 619 2548 223.
639 2464 751 2528 collato
768 2464 896 2529 Polluce
914 2486 941 2543 1,
957 2466 1011 2549 98.
1031 2467 1047 2528 ό
1064 2464 1112 2528 ἐπὶ
1126 2468 1188 2530 τοῖς
1203 2466 1298 2543 οἴαξιν

201 2566 330 2642 ἑστηκὼς
344 2567 393 2629 καὶ
408 2565 469 2629 κατ’
484 2563 673 2648 Ἀντιφῶντα
687 2571 834 2650 ποδοχῶν.

243 2668 643 2753 658-664=665-671.

242 2768 315 2851 658.
337 2770 452 2855 βαλήν]
468 2773 552 2833 [θεν.
585 2770 688 2834 Schol.
709 2770 812 2850 βαλήν
829 2772 845 2833 ὁ
864 2769 1012 2849 βασιλεὺς
1032 2768 1162 2850 λέγεται.
1197 2767 1297 2848 Εὐφο-

197 2872 270 2951 ρίων
289 2871 323 2935 δέ
342 2881 418 2954 φησι
439 2875 576 2954 Θουρίων
598 2874 674 2937 εἶναι
693 2873 747 2952 τήν
766 2872 933 2938 διάλεκτον.
964 2874 1035 2935 ὅθεν
1057 2873 1105 2936 καὶ
1126 2877 1297 2948 Βοληναῖον

198 2973 267 3054 όρος
283 2973 600 3056 (Pseudo-Plutarch.
617 2975 657 3039 de
676 2975 815 3041 Flumin.
837 2999 868 3063 p.
889 2978 996 3060 1155.)
1012 2976 1030 3036 ὅ
1045 2977 1109 3038 ἐστι
1123 2978 1294 3046 βασιλικόν.

196 3097 269 3162 quae
285 3075 380 3141 habet
395 3078 543 3142 Eustath.
558 3077 599 3141 ad
615 3077 708 3142 Iliad.
724 3084 756 3141 Γ.
780 3102 812 3165 p.
826 3079 901 3162 381.
916 3092 948 3141 et
962 3076 1001 3140 ad
1019 3076 1082 3141 Od.
1096 3082 1134 3140 T.
1154 3101 1182 3162 p.
1204 3078 1296 3162 1854.

198 3180 285 3244 Sext.
302 3179 424 3267 Empir.
440 3180 511 3244 adv.
528 3180 684 3245 Mathem.
699 3203 732 3266 p.
747 3181 819 3248 286.
836 3182 876 3244 Ol
890 3182 971 3260 παρὰ
982 3185 1136 3260 Σοφοκλεῖ
1146 3180 1294 3258 ποιμένες,

195 3279 245 3344 Ἰὼ
273 3283 398 3362 βαλλήν
421 3283 574 3364 λέγοντες,
601 3285 634 3346 ld
656 3288 787 3361 βασιλεῦ
812 3280 946 3362 λέγουσι,
978 3281 1132 3361 Φρυγιστί.
1179 3280 1294 3344 Vocem

196 3383 389 3448 Phoeniciam
404 3408 469 3448 esse
483 3385 573 3449 aiunt
588 3383 765 3462 Salmasius,
783 3383 968 3458 Bochartus,
983 3396 1015 3444 et
1031 3379 1239 3466 Spauhemius
1253 3381 1293 3446 ad

196 3485 319 3551 Callim.
342 3510 374 3573 p.
390 3490 443 3571 56.
469 3488 644 3551 BLOMF.
681 3485 805 3565 βολλήν
829 3486 879 3547 Μ.
905 3497 938 3547 et
957 3497 1019 3547 tres
1041 3481 1092 3546 alii
1114 3505 1186 3546 cum
1209 3483 1293 3549 Rob.

195 3590 246 3653 De
269 3604 403 3675 utraque
427 3589 580 3675 scriptura
603 3589 684 3653 dixit
710 3588 749 3651 L.
766 3585 951 3652 Dindorfius
977 3585 1007 3648 in
1032 3584 1198 3649 Thesauro
1224 3586 1293 3650 Ste-

194 3690 290 3777 phani
306 3691 365 3754 vol.
383 3711 413 3757 2.
429 3715 462 3778 p.
480 3708 531 3777 79.

236 3795 291 3878 ἴθι]
322 3795 394 3857 Νοο
421 3795 522 3880 placet
547 3792 584 3858 ἴθ’
609 3792 659 3871 ἴθ’,
688 3792 775 3878 quod
803 3791 960 3856 Seidlerus
989 3790 1029 3854 de
1058 3813 1137 3854 vers.
1167 3789 1291 3854 dochm.

191 3918 223 3982 p.
242 3896 312 3980 198.
336 3895 441 3982 posuit
463 3894 567 3959 hiatus
589 3894 769 3959 removendi
790 3917 910 3971 caussa,
926 3893 980 3979 qui
1002 3891 1148 3956 hocloco
1167 3892 1292 3956 videtur

192 3998 333 4062 excusari
348 4021 448 4085 posse.
481 3997 620 4063 Vitiosus
636 4020 709 4060 vero
724 3997 827 4062 hiatus
846 4012 893 4060 est
907 4000 948 4060 ἴθι
962 3998 1003 4060 ἴθι
1023 4022 1074 4076 μοι
1095 3996 1190 4059 ποιόν
1204 3992 1290 4081 apud

192 4100 290 4187 Soph.
308 4099 440 4164 Philoct.
457 4100 531 4184 832.

234 4204 309 4288 ἴκοῦ]
327 4202 528 4268 Scribebatur
543 4203 615 4266 ἴκον.

234 4308 308 4370 660.
324 4305 458 4389 εὔμαριν]
475 4304 683 4369 Penultimam
699 4303 730 4366 in
747 4305 866 4384 εὔμαρις
880 4299 1011 4388 produci
1025 4299 1116 4363 docet
1132 4300 1291 4366 Porsonus

190 4407 230 4471 ad
254 4407 369 4494 Eurip.
393 4408 497 4471 Orest.
523 4408 612 4489 ¹3⁶4·
653 4406 704 4471 Sic
727 4403 886 4491 Lycophr.
903 4402 976 4487 855.
1001 4403 1123 4471 καὶτὰς
1145 4400 1291 4486 δάμαρτος
