2978 5062
323 359 390 422 AD
414 361 606 425 SEPTEM
630 360 876 425 ADVERSUS
901 358 1104 423 THEBAS.
1203 351 1264 418 163

164 521 352 588 Archilochi
373 548 479 591 versus
499 527 586 613 apud
610 529 695 590 Sext.
719 525 841 612 Empir.
860 527 982 610 Hypot.
997 543 1028 608 3,
1047 541 1098 602 24.
1121 520 1262 585 Brunck.

167 623 264 689 Anal.
282 645 308 690 1.
324 647 356 712 p.
370 647 423 705 40.
447 629 562 690 Horat.
578 629 683 691 Carra.
697 646 727 703 2,
745 646 775 709 7.
799 630 966 689 Anacreon
985 624 1072 710 apud
1086 623 1169 688 Atil.
1185 623 1264 686 For·

169 738 268 788 tuuat.
284 725 324 789 de
340 728 464 804 Metris,
480 729 589 792 Ursin.
607 752 637 815 p.
656 746 727 813 135.
742 727 872 792 Ἀσπίδα
888 725 952 808 δίχ’
969 728 999 794 ές
1014 731 1146 806 ποταμοῦ
1161 732 1264 790 κολλι-

166 829 238 906 ρόον
251 827 393 911 προχοάς.
417 831 590 894 BLOMF.

210 931 284 1011 316.
309 932 494 1008 ἐμβαλόντες
514 930 634 994 codices
656 946 688 994 et
704 930 786 994 Rob.
820 928 990 1008 βάλλοντες
1004 926 1082 990 ΑΜ.
1117 930 1265 1005 βαλόντες

170 1029 288 1106 Τ11111.,
304 1030 358 1093 sed
374 1034 558 1111 ἐμβαλόντες
571 1031 652 1095 inter
665 1030 766 1095 varias
779 1029 935 1095 lectiones.

213 1147 285 1214 317.
310 1134 432 1212 ἄροισθε
447 1138 542 1205 κῦδος,
559 1138 620 1199 τοῖς
633 1135 665 1196 δὲ
680 1133 827 1217 πολίταις]
849 1129 1055 1196 Scribeudum
1072 1132 1193 1212 ἄροισθε
1215 1134 1263 1192 κθ·

170 1235 219 1297 δος
230 1238 329 1297 τοῖσδε
343 1237 478 1300 πολίταις
489 1256 559 1297 cum
574 1233 766 1297 Blomfieldo.
790 1240 810 1271 “
821 1232 1022 1296 Constructio
1033 1233 1119 1295 verbi
1132 1234 1264 1313 ἄροισθε,

171 1354 243 1416 quae
257 1355 275 1395 e
289 1331 457 1396 rarioribus
471 1348 527 1411 est,
541 1333 656 1397 scribas
670 1332 791 1396 fefellit.
828 1331 1000 1417 AEscbylus
1015 1334 1191 1396 Homerum
1208 1354 1266 1418 pro

168 1454 258 1496 more
280 1433 413 1519 respicit,
440 1434 532 1498 Iliad.
559 1441 598 1506 Δ,
619 1455 671 1518 94.
695 1435 808 1513 Τλαίης
833 1459 883 1497 κεν
909 1433 1058 1519 Μενελάῳ
1087 1433 1266 1515 ἐπιπροέμεν

171 1534 265 1617 ταχὺν
280 1536 335 1598 ίόν·
359 1540 441 1599 Πᾶσι
456 1536 489 1598 δέ
504 1561 537 1637 κε
547 1537 686 1616 Τρόεσσι
699 1533 788 1618 χάριν
799 1537 847 1599 καὶ
858 1539 941 1602 κῦδος
956 1536 1068 1616 apoto?
1090 1536 1264 1600 BLOMF.

215 1670 288 1752 318.
311 1670 444 1753 ῥυτῆρες]
469 1641 588 1752 ρότάρες
611 1671 661 1733 M.
701 1671 813 1733 Veram
838 1669 1021 1755 scripturam
1049 1672 1169 1751 ρίσομες
1192 1693 1266 1747 esse,

169 1783 243 1855 post
257 1768 316 1833 boc
328 1770 513 1834 vocabulum
525 1785 630 1835 autem
645 1770 724 1833 duas
738 1769 887 1834 excidisse
904 1770 1048 1857 syllabas,
1063 1794 1168 1834 versus
1189 1771 1269 1835 anti-

173 1870 321 1957 atropbici
335 1872 525 1956 comparatio
539 1871 639 1934 docet.
680 1873 770 1935 Duas
784 1886 888 1934 autem
906 1869 1039 1958 syllabas
1053 1871 1121 1934 illas
1135 1872 1267 1957 impera·

173 1971 272 2034 tivum
288 1971 424 2058 aliquem
437 1971 531 2036 luisse
544 1972 739 2035 manifestum
752 1986 815 2034 est:
839 1994 904 2057 quo
915 1972 1059 2034 restituto
1070 1971 1269 2036 scribendum

305 2100 353 2162 καὶ
367 2099 483 2164 πόλεως
496 2100 616 2179 ῥύτορες
632 2096 727 2161 ἔλθετ’
745 2099 859 2179 εὔεδροί
871 2122 904 2160 τε
920 2095 1049 2175 στάθητ’.

216 2267 614 2334 321-332=333-344·

217 2369 291 2434 321.
321 2349 369 2414 ὧδ’
397 2351 446 2414 Μ.
476 2362 509 2414 et
534 2362 685 2435 quattuor
713 2349 774 2412 alii.
813 2349 890 2426 τήνδ’
916 2351 1023 2436 vulgo,
1048 2350 1133 2435 quod
1164 2372 1271 2438 super-

175 2453 323 2538 scriptum
339 2453 372 2516 in
388 2454 436 2516 M.

218 2556 361 2639 ὠγυγίαν]
384 2553 538 2636 Ὠγόγιος,
554 2554 778 2638 Paron-tiquam
801 2552 857 2615 Ab
872 2553 997 2637 Ogyge,
1013 2551 1113 2629 aiunt,
1128 2567 1273 2639 pervetu-

176 2670 224 2719 sto
245 2654 294 2718 vel
310 2656 438 2734 Atticae,
454 2653 504 2718 vel
520 2653 716 2733 Thebarum,
732 2653 781 2716 vel
806 2658 857 2734 (ut
879 2651 974 2716 schol.
998 2653 1130 2717 Hesiod.
1147 2653 1271 2740 Theog.

176 2779 208 2842 p.
230 2760 320 2842 296.)
343 2760 483 2822 Deorum
506 2778 590 2841 rege,
613 2756 744 2840 antiqua
768 2754 872 2819 omnia
900 2772 932 2818 et
959 2756 1134 2820 veneranda
1160 2756 1273 2837 ὧγθγια

176 2857 369 2923 dicebantur.
408 2859 459 2922 Cf.
477 2860 562 2922 Pers.
580 2875 631 2939 71.
653 2859 728 2943 967.
752 2860 886 2921 Eumen.
905 2877 999 2942 1034.
1024 2858 1171 2944 Sophocl.
1195 2858 1271 2922 Pbi·

177 2962 248 3025 loct.
269 2981 338 3045 143.
354 2960 482 3024 Pindar.
500 2962 590 3025 Nem.
608 2962 641 3036 6,
658 2976 710 3044 73.
726 2959 837 3045 Epigr.
861 2959 892 3022 in
913 2960 1087 3047 Antholog.
1104 2980 1137 3045 3,
1154 2975 1204 3044 25,
1219 2961 1273 3039 46.

179 3062 345 3149 Spanhem.
360 3062 401 3126 ad
419 3060 599 3126 Callimach.
614 3063 689 3126 Jov.
706 3081 752 3142 14
777 3062 952 3126 BLOMF.

219 3183 294 3248 322.
316 3162 416 3248 Ἀίδᾳ]
443 3165 511 3226 ἇϊδα
534 3162 654 3248 aliquot
675 3162 767 3226 codd.
791 3178 822 3226 ct
844 3162 921 3225 Ald.
946 3163 1029 3226 Rob.
1063 3162 1146 3228 Ἀἴδι
1168 3165 1273 3228 Τ11111.

177 3264 271 3343 Quod
288 3264 343 3350 qui
359 3264 478 3350 scripsit
495 3265 626 3327 Homeri
643 3287 749 3328 versus
764 3286 882 3327 memor
898 3264 960 3327 fuit
976 3264 1016 3327 ll.
1033 3270 1071 3340 Α,
1086 3284 1118 3346 3.

220 3385 403 3451 323-329.
430 3367 545 3430 Versus
573 3364 605 3428 in
634 3365 710 3428 ΑΜ.
742 3364 784 3428 sic
808 3364 909 3441 divisi,
936 3364 1028 3428 ὑπ’-
1046 3364 1051 3451 Ι
1071 3365 1255 3451 ἀτίμως-Ι

179 3468 292 3536 νέας-
309 3467 315 3555 Ι
332 3467 670 3548 πλοκάμων-φαρέων.

221 3589 295 3655 323.
313 3572 436 3633 δουλίαν
451 3572 527 3633 Ven.
544 3591 596 3655 ap.
613 3568 801 3631 Burtonum.
825 3570 964 3631 δουλείαν
978 3565 1083 3651 vulgo.

222 3691 296 3757 324.
311 3672 417 3753 δνδρδς
428 3670 565 3756 Ἀχαιοῦ]
585 3669 767 3734 Exercitum
785 3669 971 3756 Argivorum
987 3667 1071 3731 dicit.

222 3784 296 3867 326.
312 3779 538 3865 κεχειρωμένας]
557 3767 763 3863 κεχῆρωμένας
778 3780 827 3842 Μ.

221 3899 297 3966 327.
322 3881 337 3947 ἓ
353 3882 367 3945 l
382 3883 431 3945 Μ.
447 3880 561 3969 aliique
576 3882 729 3946 nonnulli.
764 3881 778 3945 έ
795 3881 809 3945 ἓ
825 3881 839 3944 ἓ
854 3880 962 3964 vulgo·
996 3880 1066 3945 νέας
1086 3875 1273 3962 monosylla-

179 3987 255 4050 bum
271 4000 326 4049 est.

221 4107 295 4172 330.
312 4085 519 4170 έκκενουμένα]
535 4083 729 4164 έκκενουμένη
745 4084 822 4148 Ald.
838 4083 922 4147 Rob.

222 4209 296 4273 331.
311 4187 426 4270 λαΐδος]
444 4186 545 4264 ληίδος
557 4185 678 4271 aliquot
691 4184 783 4249 codd.
798 4199 830 4248 et
841 4183 919 4247 Ald.
936 4183 1041 4246 Turn.
1064 4182 1152 4258 ληίας
1165 4202 1274 4269 margo

181 4291 232 4353 Μ.
270 4288 359 4352 Male
381 4310 436 4374 per
458 4292 534 4351 λαοΰ
559 4285 692 4373 explicat
713 4284 878 4350 scholiasta
902 4281 1070 4347 recentior:
1094 4298 1177 4348 recte
1194 4285 1275 4350 anti·

180 4390 280 4472 quior,
297 4395 399 4471 θρηνεῖ
418 4392 450 4452 δὲ
464 4390 584 4468 ἡπόλις
605 4386 809 4466 έκκενουμένη,
825 4390 876 4465 τῆς
888 4375 1000 4457 λαΐδος,
1016 4386 1084 4449 ἀντὶ
1097 4389 1149 4448 τοῦ
1162 4387 1273 4464 ληίδος,

180 4492 273 4573 ἤγουν
294 4495 346 4571 τῆς
366 4492 460 4569 λείας,
477 4489 612 4554 τουτέστι
633 4495 691 4552 τῶν
709 4494 849 4566 πολιτῶν,
865 4486 1032 4567 ὀλλυμένας
1055 4489 1102 4554 καὶ
1119 4489 1276 4572 φθειρομέ-

701 4612 724 4653 Χ
742 4608 759 4653 2
