2978 5062
246 345 311 408 142
610 339 990 407 ANNOTATIONES

294 513 471 577 118-121.
488 510 633 574 Versus
625 533 658 574 ro
678 511 794 576 Ald.
772 533 814 575 src
835 509 926 574 divisi
941 507 1055 574 ὰλλ’-
1074 508 1080 592 Ι
1098 509 1252 590 ἄρηξον-
1269 505 1334 594 ]’
1294 532 1349 571 πο-

246 625 386 696 λισμα-
404 617 411 699 Ι
430 611 683 695 φόβος-ὅπλων.

294 718 365 781 118.
380 715 484 781 ἀλλ’
465 744 488 780 ω
505 720 564 780 Ζεῦ
578 716 671 798 πάτερ
685 717 845 799 παντελὲς]
872 714 937 778 Hic
952 736 1061 777 versus
1079 727 1116 776 ut
1130 735 1215 776 ouoc
1235 659 1352 797 legitur

247 832 303 882 aut
317 841 356 882 ex
377 817 511 882 molosso
526 832 557 881 et
572 816 718 881 dochmio
732 831 788 881 aut
809 840 848 881 ex
869 815 1015 880 dochmio
1029 831 1061 880 et
1075 814 1190 880 cretico
1203 827 1250 878 est
1264 835 1350 877 com·

246 919 377 1006 positus.
401 922 544 998 Quorum
559 941 660 1006 quum
674 933 820 983 neutrum
836 917 910 981 satis
923 916 1086 1004 probabile
1102 915 1255 993 videatur,
1269 915 1351 978 duas

247 1019 382 1107 syllabas
396 1020 547 1085 excidisse
561 1021 712 1108 suspicor,
728 1020 793 1084 sive
807 1020 851 1085 sic
865 1020 987 1107 scripsit
1001 1034 1094 1107 poeta

421 1121 490 1186 ἀλλ’
507 1121 530 1186 ὦ
546 1128 605 1188 Ζεῦ
618 1122 721 1205 πάτερ,
735 1123 828 1205 πάτερ
843 1125 998 1201 παντελὲς,

248 1224 312 1289 sive
326 1225 427 1290 aliter.

290 1327 453 1413 παντελὲς]
476 1327 541 1405 Qui
563 1327 682 1392 exitum
706 1325 846 1391 omnium
870 1348 974 1390 rerum
996 1325 1028 1389 in
1051 1339 1204 1411 potestate
1229 1323 1348 1398 habes;

248 1429 303 1515 qui
318 1429 422 1493 omnia
436 1428 562 1516 inspicis
576 1442 607 1493 et
621 1428 827 1494 administras.
851 1427 993 1515 Hesycb.
1010 1425 1179 1506 Παντελής·
1202 1427 1349 1506 ὀλοπελῆς

250 1531 297 1594 καὶ
322 1530 538 1610 παντεποπτής.
569 1533 587 1594 ό
616 1531 714 1595 πάντα
743 1537 885 1613 καθορῶν.
931 1533 983 1594 Ita
1011 1544 1120 1616 postea
1147 1551 1179 1591 v.
1204 1530 1278 1592 260.
1304 1526 1350 1591 Ὠ

248 1633 415 1712 παγκρατὲς
431 1634 499 1695 Ζεῦ.
519 1632 686 1696 STANL.
720 1632 793 1700 Διὸς
806 1634 922 1698 τελείου
937 1653 1049 1696 nomen
1065 1645 1227 1717 comparat
1241 1629 1350 1693 Blom·

250 1732 373 1797 fieldus.

297 1855 366 1919 119.
383 1837 506 1923 ἄρηξον]
524 1836 669 1918 ἐπάρηξον
682 1834 802 1922 aliquot
817 1835 910 1900 codd.

297 1957 367 2004 120.
384 1939 457 2021 γὰρ]
475 1942 508 2002 δὲ
523 1938 767 2026 superscriptum
782 1937 814 2001 in
827 1940 878 2002 M.

296 2060 368 2104 121.
384 2039 423 2124 δ’]
440 2044 499 2122 γὰρ
514 2042 643 2105 Barocc.
657 2054 689 2105 et
704 2039 781 2105 Ald.

293 2143 401 2223 ἀρείων
416 2140 629 2206 Elomfieldus.
655 2141 765 2224 ἀρηΐων
778 2142 860 2220 libri,
875 2140 933 2206 nisi
948 2141 1034 2227 quod
1056 2141 1130 2219 ἠϊιύν
1144 2152 1263 2227 puncto
1277 2156 1350 2225 post

251 2243 310 2306 boc
335 2241 523 2307 vocabulum
546 2243 647 2330 posito
670 2243 747 2308 Ald.
769 2259 801 2308 et
824 2245 952 2326 ὰργείων
978 2244 1084 2329 Mosq.
1105 2241 1271 2321 secundus,
1295 2243 1351 2307 ad·

251 2346 367 2432 scripto
381 2361 484 2410 tamen
500 2345 621 2426 ἀρηΐων.

298 2465 368 2513 122.
394 2447 521 2512 διόδετοι
535 2447 569 2511 δέ
580 2472 626 2511 τοι
641 2448 686 2532 γ]
714 2446 804 2512 Libri
826 2445 939 2533 partim
955 2445 1083 2511 διάῦετοι
1097 2472 1127 2527 γ.
1143 2466 1215 2509 cum
1232 2445 1350 2523 Turn„

251 2549 363 2636 partim
380 2552 428 2612 διὰ
442 2548 476 2612 δέ
490 2573 536 2612 τοι
553 2576 585 2631 γ.
599 2571 670 2612 cum
687 2549 765 2613 Ald.
798 2547 927 2614 διόδετοί
945 2572 978 2612 τε
999 2575 1029 2630 γ.
1045 2548 1129 2613 Rob.
1174 2547 1215 2610 In
1235 2548 1287 2609 M.
1303 2562 1352 2611 est

251 2650 379 2714 διαδέποι
392 2677 423 2732 γ.
438 2649 596 2737 adscripto
609 2650 641 2712 io
657 2650 797 2736 margine
810 2651 851 2715 ab
864 2649 925 2715 alia
939 2672 1032 2714 manu
1050 2649 1131 2715 διόδε
1145 2675 1199 2712 τοι.
1231 2649 1284 2711 Ex
1301 2649 1350 2713 bis

251 2772 314 2814 non
328 2749 452 2814 difficile
465 2750 528 2815 suit
541 2773 647 2814 veram
662 2751 823 2816 restituere
838 2752 1021 2838 scripturam
1038 2751 1164 2815 διόδετοι
1178 2749 1212 2814 δέ
1226 2775 1271 2813 τοι
1286 2777 1317 2832 γ.

293 2852 423 2934 γενύων]
441 2851 641 2938 Disyllabum
655 2867 721 2917 est:
744 2876 782 2916 ex
798 2877 863 2939 quo
878 2853 1019 2940 sequitur
1032 2857 1122 2935 γενῦν
1136 2875 1202 2916 esse
1213 2851 1350 2916 scriben-

250 2951 338 3030 dum,
368 2952 634 3038 quemadmodum
670 2953 791 3036 Ἐρινῦν
819 2977 877 3041 pro
904 2954 1049 3036 Ἐρινύων
1076 2953 1240 3039 aliquoties
1268 2953 1351 3019 dixit

251 3052 430 3139 Euripides,
446 3052 486 3117 de
507 3077 572 3140 quo
587 3077 616 3119 v.
636 3055 678 3120 ad
702 3054 809 3142 Ipbig.
826 3058 867 3119 T.
883 3075 957 3141 931.
994 3055 1116 3120 Eadem
1139 3054 1351 3120 contractione

252 3153 352 3219 utitur
370 3154 524 3219 Pindarus
540 3156 636 3243 Pyth.
651 3178 685 3238 4.
699 3176 775 3236 401.

295 3257 343 3321 καὶ
361 3254 447 3337 βόας,
465 3259 494 3322 ol
516 3256 606 3341 φλόγ’
623 3259 682 3323 ὰπὸ
703 3264 815 3338 ξανθᾶν
834 3264 925 3342 γενῦν
944 3265 1038 3325 πνεῦν
1058 3260 1227 3340 καιομένοιο
1248 3259 1352 3343 πυρός.

253 3358 306 3423 ubi
322 3358 393 3424 libri
407 3362 531 3441 γενύων.

298 3480 368 3546 123.
383 3460 495 3546 φόνον]
513 3460 615 3544 φόβον
628 3462 721 3526 codd.
735 3462 856 3550 aliquot
870 3480 902 3528 et
918 3463 1001 3528 Rob.
1018 3465 1122 3528 Turn.

300 3582 368 3643 124
384 3564 540 3650 ἀγήνορες]
556 3566 832 3650 Αιιῦνιοεί,]ὸήιν.
860 3564 1028 3630 Sebutzius
1042 3565 1133 3629 vertit
1148 3566 1242 3631 dacco
1256 3589 1350 3633 sensu

252 3687 379 3750 prorsus
394 3664 509 3751 ignoto.
535 3666 673 3751 Hesycb.
687 3667 821 3749 ἆγύνωρι
844 3666 1042 3748 ὑπερήφανος,
1054 3667 1193 3746 αὐθάδης,
1206 3670 1352 3750 όνῦρεῖος.

254 3766 427 3830 BLOMF.
472 3765 635 3830 Dialectus
656 3767 803 3831 Doricam
826 3766 964 3855 postulat
982 3767 1114 3832 formam
1138 3768 1296 3851 ἀγάνορες,
1316 3786 1353 3836 ut

253 3867 425 3949 ἀγανόρειος
439 3865 518 3930 dixit
535 3867 620 3929 Pers.
637 3870 729 3932 1026.

294 3968 472 4051 πρέποντες]
510 3967 733 4049 προπέμπονεαι
769 3968 853 4034 Rob.
902 3972 1066 4052 πρέποντες
1096 3993 1167 4036 cum
1198 3971 1354 4054 ῦορνσόοις

252 4068 361 4149 ούγοις
375 4066 630 4133 construendum.

299 4187 369 4253 ¹25·
393 4166 547 4251 δορνοόοις
561 4169 712 4234 Cantabr.
726 4171 883 4236 secundus
895 4188 928 4237 et
946 4174 1088 4239 Thomas
1105 4176 1154 4238 M.
1178 4197 1210 4261 p.
1231 4195 1302 4261 133,
1320 4192 1349 4258 7.

252 4267 300 4332 ed.
316 4269 438 4333 Ritsch.
478 4268 586 4355 Vulgo
600 4270 782 4351 δορνοσόοις.

296 4368 437 4449 ἑβδόμαις
466 4366 616 4450 (εῦδόροις
646 4373 683 4435 C.
715 4371 826 4459 Ald.)]
865 4374 930 4437 Pro
967 4377 1042 4439 ἐπὸ
1075 4375 1194 4441 dictum
1232 4379 1353 4465 accepit

253 4471 394 4537 Thomas
420 4470 469 4534 M.
507 4469 601 4545 Quod
624 4472 681 4535 etsi
703 4493 761 4558 per
782 4471 900 4559 lingua
922 4473 1007 4560 leges
1028 4475 1096 4539 fieri
1121 4498 1213 4563 possa
1238 4477 1351 4543 similia
