2978 5062
518 306 585 369 AD
610 305 969 371 PROMETHEUM.
1251 309 1295 370 83

235 497 311 540 ποτε
323 496 387 538 om.
405 475 454 538 M.
468 473 583 561 aliique
599 476 750 540 nonnulli.

236 577 310 659 578.
327 578 358 640 τί
369 601 443 640 ποτε
457 579 549 640 semel
565 577 715 664 scriptum
731 578 763 641 iu
780 579 830 642 Μ.
845 578 994 663 aliisque:
1020 576 1116 663 vulgo
1130 579 1187 642 bis.

234 695 309 762 579.
333 680 525 762 πημοναῖσιν]
548 685 692 758 πημοναῖς
711 678 925 743 Blomlieldus.
972 678 1177 743 Scribendum
1201 706 1295 761 πημο-

192 778 296 845 σύναις
317 801 389 842 cum
414 779 599 842 Hermanno
622 781 739 866 Opusc.
764 780 825 844 vol.
839 801 871 861 4.
895 804 925 867 p.
942 799 1018 865 334.
1042 782 1164 844 numeri
1185 798 1292 846 autern

190 877 234 942 sic
255 878 467 966 distinguendi
492 896 527 943 ut
549 893 620 965 post
642 903 764 945 versum
788 881 936 946 creticum
959 887 1022 955 παῖ,
1045 883 1076 945 τῖ
1099 906 1172 946 ποτε
1198 884 1292 947 ταῖσδ’

192 979 345 1058 ἐνέζευξας
365 983 458 1062 εὑρὼν
472 985 722 1062 άμαρτοῦσαν.έυ,
739 983 902 1048 dochmius
924 1001 1074 1069 sequatur
1095 987 1292 1064 πημοσύναις,

192 1079 248 1155 δέ,
264 1081 444 1168 pariterque
457 1084 489 1146 in
510 1083 717 1171 antistrophe,
732 1084 999 1172 quemadmodum
1023 1085 1172 1171 praeoedit
1194 1086 1291 1149 doch·

192 1181 274 1246 mius
301 1184 334 1247 τί
358 1184 433 1247 ποτέ
460 1181 501 1264 μ’,
528 1183 552 1248 ὦ
582 1182 698 1266 Κρόνιε.
746 1187 950 1251 Substantivo
978 1190 1164 1268 πημοσύναις
1194 1188 1294 1252 utitur

193 1283 366 1370 AEsehylus
381 1308 411 1348 v.
429 1286 518 1370 1058.

233 1386 312 1470 580.
328 1385 343 1450 ἓ
359 1386 385 1471 l]
401 1386 433 1450 αῖ
447 1386 478 1450 αῖ
492 1387 591 1451 oodex
607 1409 699 1451 unus.

234 1488 420 1574 οἰστρηλάτῳ
449 1492 482 1552 δὲ
512 1490 625 1568 δείματι
654 1491 801 1575 δειλαίαν]
832 1493 948 1555 Versus
976 1515 1015 1556 ex
1049 1491 1293 1578 penthemimere

191 1588 325 1654 iambico
340 1606 371 1654 et
386 1590 532 1654 dochmio
546 1589 746 1676 compositus.

233 1690 311 1774 582.
340 1716 378 1771 με
403 1690 527 1755 addidit
551 1690 729 1756 Elmsleius.
776 1693 879 1756 Verba
903 1695 1113 1777 πυρά-βοράν
1137 1694 1168 1758 in
1193 1717 1291 1759 unum

191 1814 314 1857 versum
329 1791 551 1880 conjungenda
564 1791 744 1878 pariterque
757 1792 789 1855 in
804 1793 1009 1882 antistrophe.

221 1974 223 1983 Ι
233 1895 310 1980 583.
326 1893 468 1979 ποντίοις]
483 1895 630 1958 ποντίοισι
646 1895 731 1957 ΑΒ.
746 1893 862 1979 aliique
877 1896 978 1982 pauci.

223 1986 224 1991 Ι
233 1998 308 2081 585.
324 1999 399 2075 όδηυ
417 1994 603 2060 Brunekius.
648 1995 738 2059 Libri
754 1997 855 2074 ύδδην.

233 2099 437 2182 πολύπλανοι]
454 2099 679 2177 πολύπλαγκτοι
694 2095 778 2159 Rob.
797 2097 905 2182 steph.
921 2112 953 2161 et
966 2097 1086 2185 aliquot
1100 2099 1193 2164 codd.

234 2199 347 2265 πλάναι
369 2199 607 2284 γεγυμνάκασιν]
633 2197 747 2284 Eurip.
773 2197 850 2262 Hel.
872 2218 947 2284 533.
975 2201 1074 2264 έκεῖσε
1096 2201 1207 2267 κάκεῖν’
1230 2203 1290 2268 οὐδ’

191 2303 384 2384 άγύμναστον
397 2301 525 2368 πλάνοις
537 2301 629 2380 ἥξειν.

233 2406 309 2490 586.
324 2404 394 2490 ὅπη]
410 2405 470 2488 όπα
485 2403 680 2467 Schuetzius.
845 2468 898 2510 ‘m

232 2507 310 2589 588.
326 2505 449 2588 φθέγμα
462 2504 599 2569 Vindob.
615 2506 681 2569 duo
695 2520 726 2570 et
742 2506 827 2570 Rob.
849 2505 971 2588 φθέγμα
987 2506 1035 2568 Μ.
1052 2507 1291 2590 προσφθέγματα

192 2605 271 2671 Ald.
287 2608 392 2671 Turn.
437 2605 582 2672 Aliorum
604 2606 753 2671 librorum
770 2607 845 2672 vitia
859 2621 933 2671 sunt
946 2607 1114 2689 φθέγματα,
1131 2609 1289 2692 φθέγματι,

189 2707 373 2790 φθέγματος,
385 2707 648 2790 προσφθέγματος.
671 2710 802 2772 Versum
819 2709 905 2773 hunc
919 2710 1015 2774 choro
1027 2709 1124 2798 vulgo
1136 2711 1289 2776 tributum

191 2831 258 2875 suoe
271 2830 413 2895 personae
428 2807 564 2872 restituit
577 2807 757 2874 Elmsleius.

235 2912 298 2998 ταῖς]
313 2917 406 2977 τῖισδε
419 2911 512 2977 oodd.
528 2911 658 3000 aliquot.

233 3033 309 3102 590.
334 3012 496 3100 Ἰναχεῖης]
524 3013 575 3078 Sic
598 3015 684 3100 apud
708 3014 903 3100 Stephanum
925 3036 1054 3100 quoque
1077 3014 1289 3100 Byzantinum

191 3118 342 3204 scripturn
358 3139 382 3181 s.
399 3139 429 3180 v.
443 3114 569 3198 Ἰναχία.
616 3114 828 3179 Nihilominus
841 3113 991 3198 Ἰναχείας
1010 3114 1229 3200 corrigendum
1252 3139 1291 3178 ex

192 3220 243 3282 M.
262 3233 295 3283 et
314 3216 449 3282 Vindob.
472 3215 605 3280 duobus.
650 3217 773 3281 Eodem
797 3216 876 3281 redit
898 3215 985 3302 quod
1008 3215 1040 3277 in
1062 3215 1204 3300 quinque
1224 3215 1292 3279 aliis

190 3319 284 3386 codd.
300 3319 450 3406 scriptum
466 3335 512 3383 est
525 3316 667 3402 Ἰναχέας.
712 3317 955 3384 Termiuationis
971 3315 1089 3380 Ionicae
1103 3316 1144 3379 ab
1160 3315 1293 3379 librariis

191 3439 308 3487 temere
320 3420 415 3484 illatae
429 3420 571 3503 exempla
587 3419 750 3484 attulimus
764 3418 805 3484 ad
820 3442 850 3482 v.
869 3436 942 3482 201.

234 3543 310 3609 592.
324 3520 514 3605 γυμνάζεται]
528 3521 663 3601 βιάζεται
677 3521 798 3608 aliquot
812 3518 906 3585 codd.

234 3641 310 3711 595.
327 3622 455 3702 ἐτήτυμα
468 3645 507 3685 ex
522 3635 673 3707 quattuor
685 3645 747 3687 non
769 3622 897 3709 optimae
919 3633 1002 3684 notae
1021 3617 1181 3683 codicibus
1202 3639 1292 3704 repo-

192 3728 297 3792 situm.
341 3722 447 3811 Vulgo
462 3724 561 3804 ἔτυμα.

233 3828 417 3915 596—608.
435 3827 549 3889 Versus
565 3824 662 3910 vulgo
684 3825 727 3889 sic
748 3823 839 3889 divisi
862 3827 1071 3887 θεόσσυτον-
1089 3825 1096 3903 Ι
1115 3820 1177 3882 δ-
1196 3819 1201 3903 Ι
1221 3817 1289 3882 κέν·

190 3955 287 4014 τροισι
300 3966 345 3976 -
363 3926 370 4014 Ι
388 3924 644 4008 σκιρτημάτων-
663 3923 668 4007 Ι
687 3931 777 4006 λαβρ.
788 3961 832 3972 -
850 3922 855 4008 Ι
876 3924 1037 3987 ἐπικότοισι
1049 3956 1087 3968 -
1109 3918 1115 4003 Ι
1134 3920 1291 3998 δυσδαιμό-

190 4056 303 4098 υαν-
321 4029 327 4117 Ι
346 4027 480 4093 άλλά-
498 4025 540 4106 Ιό
569 4049 648 4088 τι-
667 4023 673 4110 Ι
692 4026 723 4088 τύ
749 4024 789 4103 μὴ
817 4024 922 4106 χρὴ-
941 4022 947 4108 Ι
966 4027 1110 4098 δεῖξον-
1128 4018 1135 4106 Ι
1154 4019 1290 4100 φράζε-

190 4133 339 4216 παρθένῳ.

233 4235 307 4318 596.
325 4232 469 4296 θεόσυτον
484 4224 648 4289 Morellus.
672 4226 837 4288 θεόσσυτον
852 4223 934 4286 libri.

234 4334 280 4420 τε]
296 4337 328 4398 δὲ
344 4330 455 4417 Steph.

232 4457 309 4523 599.
326 4428 486 4514 κέντροισι]
503 4427 633 4507 κέντροις
648 4425 784 4490 Vindob.
799 4425 875 4488 duo.

698 4551 717 4591 1.
736 4549 754 4595 θ
