2978 5062
266 353 331 423 276
629 353 1008 418 ANNOTATIONES

309 543 382 607 494.
411 522 531 602 Βόλβης
556 521 581 586 θ’
606 523 706 588 ἕλειον
729 521 851 607 δόνακα]
880 522 933 586 De
955 520 1016 586 hoo
1040 519 1111 585 lacu
1134 540 1160 583 s.
1185 517 1305 607 palude
1329 518 1373 582 cf.

268 626 439 713 Spanhem.
462 625 504 689 ad
526 624 708 690 Callimach.
728 627 852 712 Hymn.
875 623 907 687 in
930 622 1001 688 Del.
1018 646 1048 689 v.
1068 641 1139 708 134.
1173 620 1375 708 Thucydide

267 743 345 793 teste
369 751 401 810 4,
432 748 502 813 103.
530 727 571 791 ad
596 727 749 816 oppidum
780 726 975 791 Bromiscum
1004 725 1038 789 in
1066 747 1152 790 mare
1179 722 1374 810 ingreditur.

310 931 486 1018 Παγγαῖον]
502 939 660 1015 Παγκαῖον
672 932 792 1018 aliquot
805 932 896 997 codd.
920 937 1076 1014 Παγγεῖον
1091 927 1169 994 Ald.

307 1040 381 1119 496.
405 1035 525 1120 χειμῶν’
541 1036 650 1121 ἄωρον]
670 1037 815 1099 Hiemem
837 1035 1098 1121 intempestivam,
1106 1033 1231 1118 ῥίζας
1247 1030 1289 1094 ab
1309 1029 1373 1093 δαν

264 1142 345 1203 aaut
360 1149 540 1226 tempestate
552 1138 882 1225 non'eespectandam.
906 1137 1006 1200 SCH.
1042 1133 1185 1220 Contigit
1199 1131 1282 1196 enim
1298 1131 1372 1196 haec

265 1264 374 1329 pugna
394 1241 667 1328 appropinquante
691 1254 812 1304 tantum
839 1239 951 1315 hieme,
974 1237 1056 1301 circa
1076 1237 1257 1301 vicesimum
1279 1235 1368 1299 diem

266 1344 504 1409 Boedromionis
524 1345 607 1409 tertii
630 1344 743 1409 mensis
765 1342 876 1420 aestivi,
903 1355 937 1406 ut
961 1353 1093 1405 testatur
1118 1337 1312 1402 Plutarchus
1335 1337 1369 1402 in

267 1446 400 1511 Camillo
414 1470 440 1510 c.
460 1468 509 1531 19.
547 1447 640 1525 Quod
655 1462 685 1512 et
700 1471 739 1511 ex
757 1444 922 1510 Herodoto
935 1442 1080 1529 colligere
1094 1454 1152 1519 est,
1165 1438 1251 1527 apud
1267 1461 1367 1525 quem

266 1549 298 1625 8,
324 1569 395 1631 109.
412 1547 639 1612 Themistocles
661 1548 870 1612 Athenienses
899 1570 971 1612 suos
995 1545 1038 1610 ab
1061 1543 1257 1630 insequendo
1281 1543 1370 1630 lugi·

266 1664 369 1713 eutem
399 1649 518 1713 hostem
541 1648 727 1714 dehortatur
753 1649 803 1713 his
824 1649 938 1729 verbis,
961 1653 1015 1713 νῦν
1036 1650 1093 1729 μὲν
1119 1649 1154 1711 ἐν
1173 1650 1209 1726 τῇ
1233 1644 1369 1710 Ἑλλάδι

265 1754 494 1831 καταμείναντες
513 1752 613 1833 ἡμέων
632 1778 665 1816 τε
687 1752 800 1817 αὐτέων
822 1755 1045 1832 ἐπιμεληθῶμεν
1066 1751 1116 1814 καὶ
1135 1754 1194 1813 rav
1214 1747 1369 1814 οἰκετέων.

265 1857 317 1919 καί
333 1881 377 1923 τις
398 1856 493 1935 οἰκίην
507 1881 540 1919 τε
555 1854 792 1931 ἀναπλασάσθω,
809 1855 857 1918 καὶ
869 1855 984 1936 σπόρου
997 1855 1112 1919 ἀνακῶς
1134 1849 1238 1935 ἐχέτω,
1254 1875 1366 1914 παντε·

263 1960 325 2021 λῶς
347 1954 503 2021 ἀπελάσας
524 1954 577 2017 τὸν
597 1954 766 2035 βόρβορον,
791 1953 852 2033 ἃμα
873 1956 906 2017 δὲ
929 1956 970 2039 τῷ
992 1953 1057 2034 ἔαρι
1078 1950 1294 2032 καταπλέωμεν
1315 1952 1367 2015 ἐπὶ

263 2054 495 2136 Ἑλλησπόντου
510 2059 558 2120 καὶ
571 2057 693 2136 Ἰωνίης.
719 2057 843 2119 STAN
847 2056 888 2119 L.

306 2173 382 2244 497.
410 2162 504 2240 ἁγνοῦ
526 2157 709 2244 Στρυμόνος]
733 2158 907 2245 Epitheton
930 2179 1127 2243 nequaquam
1152 2171 1199 2220 est
1217 2154 1367 2235 otiosum,

264 2258 417 2345 siquidem
434 2262 550 2340 Persae,
566 2262 731 2325 Herodoto
745 2274 834 2339 teste,
845 2259 956 2323 fluvios
970 2258 1196 2347 religiosissime
1210 2257 1368 2338 colebant,

263 2374 295 2426 et
309 2376 463 2446 quantum
479 2361 545 2425 fieri
560 2376 676 2450 posset,
691 2385 788 2449 puros
800 2363 1034 2427 conservabant.
1068 2361 1140 2427 Vid.
1157 2360 1316 2426 Herodot.
1334 2381 1365 2439 1,

266 2465 338 2549 138.
361 2464 538 2529 BLOMF.
581 2464 750 2547 Στρυμόνος
763 2468 858 2547 ἁγνοῦ
873 2466 1001 2529 Barocc.
1017 2462 1095 2528 Ald.
1111 2464 1196 2530 Rob.

308 2566 384 2650 498.
399 2567 507 2649 ηὔχετο
520 2566 622 2630 Turn.
646 2569 750 2651 εὔχετο
762 2567 838 2632 Ald.
856 2566 941 2631 Rob.
955 2583 998 2645 et,
1015 2581 1051 2633 ut
1064 2566 1202 2646 videtur,
1218 2567 1363 2633 codices:

264 2691 337 2733 nam
354 2668 412 2733 hoc
426 2692 465 2732 ex
482 2670 532 2732 M.
545 2684 738 2735 annotatum.

307 2793 382 2854 499.
403 2779 496 2853 γαῖαν
509 2771 636 2853 οὐρανόν
649 2772 696 2857 τε]
716 2773 841 2836 Coelum
859 2787 892 2836 et
907 2775 1040 2836 Terram
1055 2771 1233 2836 divinorum
1257 2772 1364 2836 numi·

264 2890 339 2932 num
362 2868 395 2930 in
418 2866 486 2930 loco
504 2880 536 2931 et
554 2891 686 2933 numero
702 2870 881 2934 habuerunt
901 2874 1024 2945 Persae;
1050 2872 1188 2948 Caelum,
1204 2886 1241 2936 ut
1256 2873 1364 2937 Hero·

264 2969 340 3033 doto
354 2969 466 3056 placet,
482 2970 542 3034 sub
557 2971 682 3037 nomine
698 2974 771 3040 Διὸς
787 2994 814 3052 1,
834 2993 903 3058 131.
918 2978 947 3039 ol
963 2978 996 3040 u
1012 2978 1162 3055 νομίζωσι
1177 2975 1232 3039 Art
1241 2977 1300 3054 μέν
1315 2976 1365 3041 ἐπὶ

266 3075 303 3135 τδ
317 3070 493 3154 ὑψηλότατα
507 3079 567 3137 τῶν
581 3074 692 3156 οὐρέων
707 3079 922 3156 ἀναβαίνοντες
942 3080 1047 3147 θυσίας
1062 3078 1168 3161 ἕρδειν,
1183 3078 1238 3143 τδν
1252 3080 1365 3144 κόκλον

264 3174 363 3239 πάντα
377 3179 429 3238 τοῦ
440 3176 567 3257 οὐρανοῦ
582 3179 643 3241 Δία
658 3177 826 3246 καλέοντες.
861 3179 974 3243 Strabo
992 3200 1041 3264 15.
1062 3203 1092 3266 p.
1108 3197 1182 3268 732.
1195 3181 1259 3245 Τδν
1276 3181 1365 3263 οὐρα-

265 3278 321 3343 νὸν
334 3277 492 3360 ἡγούμενοι
508 3282 577 3344 Δία.
617 3281 750 3344 Terram
770 3283 861 3346 etiam
884 3284 1050 3346 Persarum
1073 3282 1133 3347 diis
1153 3298 1366 3348 annumerant

265 3380 461 3456 Herodotus,
478 3382 591 3446 Strabo
604 3381 624 3445 l.
640 3406 668 3446 c.
682 3398 714 3447 et
730 3384 888 3471 Diogenes
907 3385 1054 3450 Laertius
1074 3384 1106 3449 in
1131 3385 1297 3465 Prooemio,
1313 3385 1366 3453 cui

265 3498 297 3547 et
311 3483 426 3546 hostias
440 3498 590 3548 nractatas
604 3485 679 3549 dicit
695 3486 888 3574 Xenophon,
902 3489 928 3551 C
929 3509 1020 3574 yrop.
1036 3488 1067 3564 8,
1079 3506 1112 3571 5,
1126 3509 1177 3570 24
1193 3490 1363 3553 STANL.

308 3605 382 3670 505.
398 3585 494 3671 διῆκε]
512 3586 615 3652 Schol.
630 3592 709 3667 διῆκε
724 3588 778 3652 τδν
792 3589 927 3669 ποταμδν
939 3589 1046 3669 μέσον,
1061 3590 1154 3672 ἤγουν
1167 3596 1301 3657 διελθεῖν
1315 3593 1365 3656 καὶ

264 3690 369 3770 ῥεῦσαι
384 3689 432 3751 καὶ
444 3693 569 3766 λυθῆναι
583 3690 617 3752 τδ
631 3689 764 3772 πεπηγὸς
778 3693 910 3770 ἐποίησε.

309 3790 487 3874 θερμαίνων]
507 3793 701 3872 φλεγμαίνων
715 3791 834 3879 aliquot
848 3793 939 3857 codd.

309 3894 384 3977 506.
410 3899 519 3956 πῖπτον
540 3894 663 3976 (πίπτον
683 3893 770 3976 libri)
791 3893 815 3958 δ’
836 3893 881 3958 ἐπ’
902 3895 953 3976 (ἐν
972 3909 1034 3959 tres
1051 3895 1159 3981 codd.)
1182 3895 1363 3985 ἆλλήλαισι]

267 3994 450 4080 Comparari
465 4009 602 4058 meretur
617 3995 818 4083 Thucydidis
839 3995 926 4060 locus
941 4014 971 4080 7,
988 3999 1040 4079 84.
1055 3998 1095 4062 de
1111 3999 1210 4063 Niciae
1224 3999 1365 4066 exercitu

265 4095 398 4159 fluvium
414 4111 612 4173 transeunte;
637 4100 684 4161 καὶ
698 4100 727 4162 cl
740 4097 878 4178 πολέμιοι
892 4101 1070 4180 ἐπικείμενοι
1087 4101 1226 4184 χαλεπὴν
1240 4102 1295 4183 ἤδη
1309 4103 1366 4182 τὴν

267 4198 407 4276 διάβασιν
423 4201 553 4263 ἐποίουν.
578 4198 680 4281 ἅθροοι
697 4203 755 4281 γὰρ
770 4198 1004 4283 ἀναγκαζόμενοι
1017 4208 1137 4286 χωρεῖν,
1153 4202 1316 4268 έπέπιπτόν
1329 4229 1364 4270 τε

267 4299 411 4377 ἀλλήλοις
427 4301 474 4364 καὶ
488 4301 679 4365 κατεπάτουν.
703 4300 877 4364 BLOMF.

310 4401 447 4487 εὐτυχὴς]
465 4402 583 4486 εὐτυχεῖ
596 4406 646 4467 Μ.
662 4416 692 4467 et
709 4415 771 4466 tres
785 4400 846 4466 alii.
