2978 5062
433 281 501 346 AD
523 281 885 347 PROMETHEUl‘..
1169 282 1213 350 79

109 449 235 515 admisit
249 450 434 538 AEsohylus,
449 452 504 517 sed
523 452 615 523 etiam
636 453 668 516 in
687 454 838 533 ἰσόμοιρος
854 449 1001 538 Choeph.
1014 469 1090 535 319.
1113 452 1211 535 σκότῳ

109 551 189 633 φόος
208 554 372 633 ἰσόμοιρον,
394 568 426 618 et
445 553 477 617 in
503 553 635 641 simplici
653 554 719 621 ἰσος
741 552 854 639 fragm.
872 571 945 617 200.
970 555 998 617 εἰ
1019 578 1070 632 μοι
1092 552 1211 634 γένοιτο

109 657 206 734 φῶρας
232 653 303 716 ἴσον
328 655 452 740 οὐρανῷ.
492 663 515 695 “
532 658 680 737 ἰσόνειρον
703 657 834 720 Somnio
858 655 1003 732 οιῗηιὶίανι,
1029 654 1212 740 metaphora

109 754 224 839 aaepius
238 777 257 818 a
273 755 394 819 Graecis
405 756 444 820 ad
460 756 695 844 exprimendam
711 756 951 820 imbecillitatem
968 756 1117 821 adhibita.
1159 755 1212 820 Sic

110 854 268 919 Pindarus
282 861 368 923 σκιᾶς
387 859 460 938 ὄναρ
480 859 630 939 όνθραποι
645 857 741 944 Pyth.
758 859 789 923 8.
803 874 874 944 135.
919 861 963 922 Et
981 857 1211 944 Aristophanes

108 978 128 1021 a
143 955 280 1020 Morello
294 955 441 1022 laudatus
459 962 519 1022 Av.
536 959 610 1022 688.

195 1100 416 1183 ὀλιγοδρανέες,
431 1101 595 1183 πλόσματα
608 1106 717 1182 πηλοῦ,
733 1106 883 1167 σκιοείδεα
898 1102 969 1185 φῦλ’
985 1104 1129 1183 ὰμενηνδ,

195 1203 322 1281 ἀπτῆνες
336 1202 502 1286 έφημέριοι,
518 1206 626 1268 ταλαοὶ
640 1205 756 1285 βροτοὶ,
772 1204 992 1285 είκελόνειροι.”

110 1345 211 1409 SCH.
242 1342 397 1408 Stauleius
424 1344 567 1432 apposite
595 1344 672 1409 citat
696 1345 811 1432 Eurip.
839 1345 993 1410 Phoeniss.
1019 1350 1110 1432 1736.
1138 1347 1209 1412 ὥστ’

109 1447 227 1526 ὄνειρον
243 1447 332 1529 ἰσχὺν
354 1447 442 1530 έχων.
487 1445 602 1533 Adjioe
624 1446 720 1511 nostri
741 1448 858 1533 Agam.
875 1447 928 1512 81.
950 1447 1053 1515 παιδός
1075 1447 1100 1514 δ’
1123 1450 1212 1515 οὐδέν

108 1548 225 1628 ὀρείαν,
237 1545 337 1628 Ὀναρ
351 1548 560 1630 ἡμερόφαντον
574 1550 703 1613 ἀλαίνει.
720 1550 897 1613 BLOMF.

150 1669 225 1733 550.
255 1649 353 1715 ἰιλαδν
378 1657 398 1695 *
426 1651 445 1692 ³
470 1652 490 1690 ἰ*
517 1649 531 1736 ]
558 1650 702 1715 Delenda
725 1649 847 1715 lacuna
868 1651 957 1737 signa
980 1650 1021 1715 ab
1048 1651 1210 1717 Brunckio

108 1753 204 1819 illata.
248 1754 331 1817 Nam
347 1753 522 1842 AEsclrylus
536 1753 700 1840 scripserat
714 1752 812 1818 όλαδν
827 1753 915 1835 γένος
930 1753 1208 1834 έμπεποδισμένον;

109 1858 217 1922 οὔποτε
246 1863 363 1923 θνατῶν
381 1855 388 1943 Ι
406 1860 461 1922 rav
486 1857 559 1925 Διδς
587 1860 732 1938 ἁρμονίαν
757 1858 873 1937 ἀνδρῶν
900 1859 1058 1938 παρεξίασι
1085 1860 1209 1936 βουλαί.

110 1960 191 2036 Quae
212 1959 366 2046 scriptura
386 1959 575 2046 interpolata
595 1959 636 2023 ab
657 1957 790 2022 librariis
811 1973 857 2022 est
879 1956 1079 2042 exquisitiore
1098 1957 1210 2021 verbo-

109 2083 180 2124 rum
202 2060 401 2127 collocatione
423 2061 558 2127 offensis.
601 2064 691 2148 Apte
710 2074 815 2125 autem
838 2061 953 2143 ἀνδρῶν
967 2058 1090 2123 addidit
1106 2073 1209 2145 poeta,

109 2164 256 2250 quoniam
278 2165 391 2244 βοολαί
412 2164 470 2228 etsi
491 2186 554 2228 non
578 2162 714 2251 proprias
736 2161 874 2227 vimrum
898 2175 982 2239 sunt,
1009 2174 1112 2225 tamen
1136 2161 1211 2227 viris

110 2264 171 2330 κατ’
187 2264 296 2350 ἐξοχὴν
310 2265 405 2330 tribui
422 2265 530 2330 solent.

151 2383 226 2452 551.
241 2368 312 2456 τδιν]
329 2368 383 2447 τὴν
395 2366 474 2431 Ald.
493 2365 576 2431 Rob.

152 2467 285 2553 θνατῶν]
302 2473 416 2548 θνητῶν
431 2467 510 2532 Ald.
526 2467 612 2531 Rob.
627 2478 659 2530 et
673 2465 794 2551 aliquot
810 2462 903 2530 codd.

151 2570 325 2656 παρεξίασι]
343 2567 474 2634 Hesiod.
492 2568 661 2654 Theogon.
675 2568 750 2635 612.

237 2709 295 2779 ‘ns
309 2712 362 2776 οὐκ
377 2711 443 2776 ἔστι
458 2711 532 2779 Διὸς
545 2710 659 2794 κλέψαι
673 2711 755 2787 νόον,
770 2710 838 2774 οὐδὲ
852 2716 1028 2792 παρελθεῖν.

111 2852 225 2916 Noster
240 2852 271 2915 in
289 2853 431 2941 Supplic.
445 2873 538 2939 1049.

152 2995 228 3063 Διὸς
241 2996 276 3060 οὗ
288 2995 450 3078 παραβατό
466 2993 642 3081 [παρβατός]
657 2992 743 3057 ε’στιν
756 2992 875 3075 μεγάλα
890 2994 970 3076 φρὴν
984 2996 1139 3078 ἀπέρατος.

112 3137 245 3202 Homer.
262 3135 378 3224 Odyss.
394 3143 431 3215 Ε,
446 3157 518 3222 103.

237 3270 338 3336 Ἀλλὰ
351 3269 421 3351 μόλ’
438 3273 534 3339 οὗτος
549 3271 615 3334 ἔστι
631 3270 705 3336 Διὸς
719 3267 791 3334 νόον
806 3268 954 3352 αἰγιόχοιο

239 3374 307 3438 οὔτε
320 3375 413 3455 παρὲξ
428 3371 531 3437 ε’λθεῖν
546 3373 644 3437 δλλον
660 3371 740 3451 θεόν,
755 3371 817 3437 οὔθ’
833 3374 971 3435 ἁλιῶσαι.

112 3507 277 3572 STANL.
305 3505 420 3591 Adjice
444 3506 536 3571 Iliad.
557 3511 596 3584 Α,
612 3524 683 3590 132.
706 3502 773 3568 ε’πεί
794 3504 830 3568 οὗ
849 3506 1059 3586 παρελεύσεαι,
1082 3505 1152 3569 οὐδέ
1172 3533 1210 3586 με

111 3611 233 3674 πείσεις.
250 3609 425 3673 BLOMF.

151 3726 227 3793 555.
250 3710 432 3794 διαμφίδιον]
450 3708 592 3795 Hesych.
609 3709 791 3790 Διαμφίδιον
804 3706 905 3787 μέλος·
931 3710 1068 3787 ἀλλοῖον,
1085 3712 1209 3774 διαπαν·

111 3810 160 3878 τὸς
174 3811 405 3894 κεχωρισμένον·
429 3813 522 3892 ἀμφὶς
536 3814 593 3892 γδρ
608 3812 706 3893 χωρίς.
728 3811 883 3892 Αἰσχύλος
894 3815 1050 3891 Προμηθεῖ
1063 3812 1209 3898 δεσμότη.

112 3911 214 3976 Schol.
238 3915 282 3977 A.
305 3911 375 3977 τότε
395 3917 453 3995 γδρ
474 3914 620 3995 γαμοῦντί
642 3936 692 3974 σοι
713 3911 766 3975 τὸν
787 3911 930 3989 ὑμέναιον
952 3908 1071 3989 ᾔδομεν,
1097 3917 1151 3976 νῦν
1177 3916 1210 3977 δὲ

111 4015 307 4097 δνοτνχοΰντί
319 4039 370 4078 σοι
385 4019 504 4097 θρῆνον.
520 4014 694 4078 BLOMF.

152 4119 226 4200 556.
249 4114 346 4180 ἐκεῖνό
369 4114 394 4180 θ’
417 4115 459 4179 ὅτ’
484 4114 673 4179 Brunckius.
695 4112 794 4178 ε’κεῖνό
814 4111 840 4178 θ’
862 4114 889 4186 ό,
910 4111 934 4177 τ’
956 4114 1064 4200 Steph.
1083 4129 1116 4179 et
1138 4139 1211 4202 pars

110 4217 263 4283 codicum.
278 4217 375 4283 έκεῖνο
390 4218 416 4282 τ’
431 4216 471 4280 ὅτ’
488 4218 593 4280 Turn.
608 4215 711 4300 εἰεείνῳ
731 4241 765 4280 τε
785 4217 813 4293 ό,
833 4215 857 4278 τ’
874 4215 952 4281 Ald.
974 4216 1061 4301 quod
1081 4240 1210 4303 corrup-

110 4334 176 4392 tum
203 4343 240 4383 ex
266 4318 365 4384 ἑκεῖνό
390 4345 425 4383 τε
448 4320 475 4392 ὅ,
500 4320 535 4392 τ’,
563 4341 635 4404 quae
660 4317 781 4402 aliquot
805 4316 947 4381 codicum
976 4317 1131 4405 scriptura
1151 4336 1208 4385 est.

110 4418 207 4487 εἐεῖνό
223 4447 258 4504 γε
274 4421 315 4486 ὅτ’
331 4422 415 4486 Rob.
432 4419 519 4485 ἐκεῖν’
535 4422 585 4485 ὅτε
600 4418 658 4484 τότ’
675 4420 726 4482 Μ.
