2978 5062
240 337 305 398 108
602 333 983 399 ANNOTATIONES

240 494 377 560 codicem
403 493 537 580 aliquem
568 494 644 571 sive,
675 494 762 581 quod
792 492 891 580 magis
919 491 1022 568 credo,
1052 491 1262 577 conjecturam
1292 514 1340 555 se-

241 611 344 661 cutus.

285 699 476 781 προσσαίνει]
494 701 650 779 προσαίνει
666 699 762 762 D.M.

287 806 359 885 837.
390 801 504 863 κόλπου
530 799 632 885 Ῥέας]
660 801 758 863 Mare
782 801 992 864 Adriaticum.
1027 798 1122 862 Phot.
1149 799 1229 862 Lex.
1254 795 1343 865 Ῥέας

241 907 360 969 πόντος.
383 904 399 965 ὁ
415 905 578 983 Βόσπορος.
601 903 699 981 ἤέστι
715 903 763 965 καί
776 900 905 982 Ἀδρίας.
930 907 1062 965 καλεῖται
1077 899 1136 963 ἀπὸ
1151 905 1203 963 τοῦ
1214 900 1341 977 εἰσβάλ-

241 1012 348 1069 λοντος
376 1004 488 1065 πόντον
516 1001 645 1082 Ἀδρίου.
684 1002 767 1065 unde
795 1001 1010 1087 corrigendam
1041 1016 1146 1063 monet
1175 1001 1342 1065 Albertius

243 1104 397 1192 Hesychii
411 1105 544 1192 glossam
559 1104 645 1172 Ῥέας
658 1108 774 1187 πόρπας.
798 1105 972 1168 BLOMF.

287 1210 362 1292 838.
394 1207 683 1292 παλιμπλάγκτοισι]
713 1206 968 1287 παλιμπλάκτοισι
997 1208 1047 1270 Μ.
1084 1206 1342 1287 πολυπλάγκτοισι

243 1309 363 1375 codices
377 1325 448 1372 octo
463 1327 493 1372 et
510 1309 594 1372 Rob.
640 1310 703 1372 Per
716 1311 939 1390 πολυστρόφοις
952 1307 1086 1393 explicat
1102 1307 1274 1371 scholiasta.

286 1412 418 1494 χειμάζει
434 1413 475 1473 Ε.
520 1410 626 1496 Vulgo
640 1411 772 1497 χειμάζῃ.

289 1514 362 1593 840.
385 1512 503 1597 Ἰόνιος]
521 1511 661 1598 Εῑγυιοί.
679 1513 727 1575 M.
744 1528 866 1600 p.473‚
882 1516 931 1576 16.
952 1511 1058 1580 Ἰόνιος
1076 1514 1194 1587 κόλπος,
1211 1511 1270 1575 ἀπὸ
1290 1515 1343 1589 τῆς

243 1613 331 1692 Ἰοῦς,
354 1617 393 1682 ὡς
413 1617 574 1698 Αἰσχύλος.
601 1615 704 1680 Schol.
728 1616 837 1702 Apoll.
858 1616 922 1679 Rh.
937 1635 970 1694 4,
985 1619 1060 1699 308.
1082 1614 1188 1682 Ἰόνιος
1208 1613 1343 1695 πέλαγος

244 1717 318 1798 πρὸς
338 1721 373 1796 τῇ
394 1715 510 1801 Ἰταλίη
531 1719 605 1780 otro
629 1719 814 1798 καλούμενον
835 1719 893 1782 άπὸ
914 1717 1031 1794 Ἰονίου,
1055 1717 1162 1797 ἀνδρὸς
1182 1715 1342 1797 Ἰλλυρίου.

245 1819 323 1884 τινές
338 1821 380 1891 δέ,
397 1819 455 1881 ἀπὸ
470 1823 520 1897 τῆς
533 1815 696 1900 γενομένης
710 1819 870 1899 πλάνηςτῇ
884 1818 949 1882 Ἰοῖ.
966 1819 1020 1882 ubi
1034 1818 1202 1904 legendum
1218 1818 1343 1882 videtur

245 1919 279 1983 τὸ
294 1921 416 2006 πρὸςτῇ
435 1919 469 1982 Ἰ.
491 1935 521 1984 et
545 1942 616 1982 mox
640 1920 698 1984 άπὸ
721 1925 771 1999 τῆς
792 1923 861 1999 τῇδε
883 1919 1055 2002 γενομένης.
1100 1918 1287 1982 Eustathius
1309 1918 1341 1980 in

246 2021 379 2107 Dionys.
398 2042 449 2103 92.
470 2021 598 2103 Λέγεται
620 2024 652 2086 δέ
673 2020 788 2094 Ἰόνιος,
809 2024 848 2090 ὥς
870 2024 918 2085 καί
939 2026 979 2107 τῷ
994 2024 1164 2103 Λυκόφρονι
1187 2023 1232 2102 (v.
1248 2023 1341 2104 631.)

246 2128 338 2201 δοκεῖ,
355 2124 402 2186 καί
417 2124 457 2206 τῷ
474 2123 626 2207 Αἰσχύλῳ,
644 2124 702 2187 άπὸ
718 2127 768 2202 τῆς
785 2122 872 2191 Ἰοῦς.
896 2123 1047 2202 διενήξατο
1070 2126 1128 2204 γὰρ
1150 2124 1247 2200 ἐκείνη
1267 2128 1343 2202 βοῦς

246 2225 394 2307 γενομένη
419 2225 577 2288 κάνταῦθα.
600 2227 630 2288 οἰ
651 2227 683 2289 δέ
705 2226 801 2306 φασὶν
823 2225 881 2289 άπὸ
902 2223 1026 2301 Ἰάονας,
1050 2225 1156 2306 ἀνδρὸς
1175 2223 1303 2296 Ἰτάλου,
1325 2221 1345 2302 ἣ

247 2328 305 2391 ἀπὸ
326 2326 445 2401 Ἰονίου,
467 2327 573 2408 ἀνδρὸς
593 2325 770 2408 Ἰλλυρικοῦ.
800 2349 858 2413 pro
878 2326 993 2393 Ἰάονας
1009 2326 1115 2414 Stepb.
1136 2326 1217 2413 Byz.
1239 2324 1345 2392 Ἰόνος.

248 2428 404 2493 Stanleius
418 2446 524 2493 monet
540 2428 665 2492 Ionium
681 2451 766 2491 mare
780 2426 874 2491 latius
890 2452 910 2490 a
924 2427 1031 2491 Poetis
1049 2449 1143 2514 quam
1164 2450 1184 2490 a
1199 2428 1342 2513 Geogra·

247 2532 319 2618 phis
343 2531 480 2596 extendi.
526 2533 608 2596 Cum
636 2545 741 2594 nostro
766 2530 918 2593 consentit
944 2530 1071 2594 Charax
1096 2529 1128 2593 in
1154 2528 1346 2608 Ἑλληνικοῖς

247 2633 334 2720 apud
352 2636 559 2718 Anonymum
582 2632 621 2694 de
645 2631 802 2695 Incredib.
823 2631 914 2696 Galei
930 2633 1048 2718 Opusc.
1065 2630 1206 2717 Mythol.
1221 2653 1253 2717 p.
1273 2633 1344 2694 106.

250 2735 425 2800 BLOMF.

293 2834 469 2913 κεκλήσεται
485 2836 569 2898 ΑΒ.
584 2834 708 2921 aliique.
745 2835 850 2922 Vulgo
866 2836 1054 2916 κληθήσεται,
1070 2835 1279 2900 consentiente
1295 2835 1345 2897 M.

293 2939 366 3016 846.
397 2937 510 3019 ἐσχάτη
539 2936 664 3022 χθονὸς]
691 2937 840 3001 Eustath.
868 2960 900 3022 p.
923 2938 1016 3021 1386,
1043 2957 1091 3024 τά.
1117 2937 1171 3015 τὴν
1197 2937 1347 3018 Κάνωβον

250 3039 382 3122 ἐσχάτην
401 3041 510 3121 χθόνας
531 3039 625 3120 λέγει,
642 3040 681 3104 ὣς
704 3038 840 3119 κειμένην
860 3039 1056 3119 βορειοτάτην
1078 3041 1112 3102 ἐν
1133 3046 1195 3104 τοίς
1215 3038 1289 3119 πρὸς
1309 3042 1347 3118 τῇ

249 3140 392 3226 θαλάσσῃ
413 3139 536 3222 μέρεσιν
556 3141 715 3221 Αἰγύπτου.
739 3154 770 3204 et
790 3164 820 3225 p.
836 3160 929 3224 1509,
945 3161 999 3224 34.
1018 3143 1035 3203 ό
1053 3140 1077 3204 δ’
1097 3141 1184 3208 αὐτὸς
1204 3141 1345 3228 (Apion)

250 3241 336 3324 λέγει
351 3243 398 3306 καί
413 3243 458 3305 ὅτι
472 3244 597 3322 πείρατα
612 3244 697 3324 γαίης
716 3245 733 3305 ό
755 3243 874 3322 ποιητὴς
894 3243 1022 3306 ἐνταῦθά
1044 3251 1138 3324 φησιν
1159 3243 1194 3306 ού
1215 3246 1253 3306 τὸ
1273 3243 1348 3324 πρὸς

248 3342 408 3419 Ὠκεανὸν,
424 3347 506 3409 ἀλλὰ
521 3348 557 3408 τὰ
579 3348 642 3408 ἐκεῖ
656 3345 729 3425 πρὸς
747 3349 782 3425 τῇ
801 3348 874 3408 κατὰ
889 3349 1004 3407 Νεῖλον
1026 3344 1176 3423 θαλάσση·
1201 3348 1277 3409 καθὰ
1299 3346 1347 3408 καί

251 3449 404 3529 Αἰσχύλος
427 3449 517 3512 εἰπὼν
540 3454 560 3484 “
577 3447 660 3510 ἔστιν
683 3449 771 3513 πόλις
795 3446 941 3528 Κάνωβος
964 3447 1078 3531 ἐσχάτη
1099 3449 1238 3530 xeuntem
1263 3454 1348 3512 πᾶσα

251 3551 309 3630 γάρ
324 3550 470 3631 ἀγχίαλος
486 3548 599 3631 ἐσχάτη
612 3553 731 3631 χθονός.
756 3551 879 3612 STAN
885 3551 924 3614 L.

295 3650 367 3730 847.
398 3651 762 3733 Νείλου-προσχώματι]
790 3651 955 3733 πρόσχωμα
981 3653 1094 3714 Νείλου
1118 3652 1156 3715 de
1182 3651 1350 3738 aggeribus

250 3750 331 3815 circa
354 3750 418 3813 Nili
443 3749 522 3812 ostia
545 3750 626 3814 intra
651 3751 806 3837 regionem
832 3775 856 3814 s.
880 3750 1010 3815 insulam
1034 3751 1128 3816 Delta
1150 3753 1348 3840 appellatam,

251 3852 426 3929 exstructis,
442 3850 558 3937 quibus
572 3852 644 3939 pagi
659 3867 691 3917 et
713 3853 805 3916 urbes
824 3853 977 3940 impositae
997 3868 1094 3932 orant,
1110 3877 1149 3918 ne
1168 3856 1349 3920 exundante

251 3954 327 4018 Nilo
342 3954 635 4036 subirrergerentur3
660 3968 737 4018 teste
753 3955 905 4019 Strabone
920 3956 973 4020 lib.
987 3972 1036 4037 17.
1052 3979 1084 4043 p.
1100 3958 1173 4039 788.
1192 3960 1243 4021 D:
1268 3962 1301 4022 ἐν
1316 3963 1348 4022 δὲ

252 4061 316 4120 ταῖς
330 4053 502 4132 άναβάσεσι
516 4060 569 4118 τοῦ
583 4059 695 4120 Νείλου
711 4059 889 4121 καλύπτεται
903 4064 986 4123 πάσα
1002 4061 1035 4143 (ἡ
1050 4061 1167 4140 νῆσος),
1185 4061 1232 4123 καί
1251 4068 1348 4123 πελα-

252 4156 327 4237 γίζει
341 4156 421 4233 πλὴν
435 4161 494 4219 τῶν
508 4157 661 4237 οἰκήσεων·
685 4159 769 4222 αῦται
789 4157 813 4222 δ’
831 4160 879 4223 ἐπὶ
898 4161 1005 4242 λόφων
1024 4162 1191 4243 αὐτοφυῶν,
1210 4159 1228 4240 ἢ
1250 4160 1351 4244 χωμό·

252 4281 312 4319 των
327 4258 467 4337 ἵδρυνται,
483 4261 586 4326 πόλεις
599 4262 632 4322 τέ
650 4261 803 4342 ἀξιόλογοι
823 4263 871 4326 καί
893 4268 995 4342 κῶμαι,
1011 4267 1183 4343 νησίζουσαι
1203 4267 1278 4327 κατὰ
1296 4263 1351 4340 τὴν

253 4358 407 4439 πόρρωθεν
422 4361 506 4443 ὄψιν.
531 4362 632 4425 SCH.
