2978 5062
514 374 582 437 AD
606 372 965 437 PROMETHEUM.
1246 368 1291 437 ὅθ

191 552 256 616 tur,
271 562 335 623 quo
351 539 445 603 verba
467 553 568 626 poetas
587 564 645 604 suo
667 541 914 605 accommodaret
928 538 1067 616 oonsilio,
1082 538 1130 601 vel
1148 559 1187 601 ex
1209 534 1289 600 alius
1383 586 1386 591 -

190 655 301 725 poetae,
317 640 447 705 fortasse
463 641 634 728 Euripidis,
648 665 738 707 versu
753 644 844 707 simili
859 643 1035 730 sumpsisse.
1061 640 1183 705 Eodem
1196 637 1290 702 modo

190 741 340 828 scriptum
355 741 439 806 hunc
457 765 580 806 versum
603 744 694 808 affert
708 744 907 823 Eustatbius,
923 745 976 809 sed
999 758 1093 832 poeta
1106 747 1176 808 noo¹
1190 739 1289 805 nomi·

190 855 276 918 nato,
292 864 325 928 p.
339 844 414 926 696,
425 864 479 929 33.
497 847 571 907 κατὰ
584 847 642 926 γὰρ
656 845 711 923 τὴν
724 847 892 930 τραγῳδίαν
905 851 1008 930 ψυχῆς
1022 872 1048 910 ν.
1063 846 1140 911 είσὶν
1155 846 1176 907 ί.
1190 845 1288 924 λόγοις

191 943 240 1008 καί
258 945 276 1006 ό
295 949 336 1030 τῷ
356 945 527 1030 θυμουμένῳ
549 950 636 1010 είκων
656 949 690 1011 έν
709 952 799 1032 κοιμῶ
819 951 904 1031 τύχοι
923 949 961 1013 ἂν
984 949 1073 1012 αὐτοῦ
1092 949 1197 1032 ρηόίως
1216 947 1291 1008 ὅσον

192 1043 283 1109 θέλει.
303 1045 375 1125 (boc
396 1070 436 1109 ex
460 1047 574 1132 Eurip.
598 1052 652 1112 Or.
678 1055 767 1132 700.)
783 1050 960 1135 iterumque
982 1072 1013 1136 p.
1035 1066 1130 1134 1005,
1151 1066 1202 1114 οι.
1225 1046 1291 1110 ἐπεὶ

194 1147 241 1209 καὶ
256 1147 347 1227 φύσει
370 1152 444 1212 κατὰ
462 1150 516 1211 τόν
538 1151 660 1213 εἰπόντα
680 1156 782 1234 ψυχῆς
805 1177 832 1215 ν.
856 1153 932 1215 εἰσὶν
952 1154 971 1215 ί.
987 1153 1085 1232 λόγοι.
1119 1151 1289 1213 Isocratem

194 1269 225 1332 p.
245 1249 303 1327 167
321 1248 362 1311 A.
385 1248 577 1334 comparavit
597 1250 762 1329 Stanleius,
777 1249 870 1330 ’Ύμᾶς
885 1254 917 1315 δὲ
933 1252 991 1334 χρὴ
1004 1258 1121 1332 πρῶτον
1134 1253 1191 1330 μέν
1204 1254 1290 1312 τούτο

194 1353 383 1430 γιγνώσκειν,
405 1352 450 1413 ὅτι
471 1356 530 1414 τῶν
549 1352 617 1432 περὶ
638 1351 672 1414 τό
699 1359 784 1431 σῶμα
805 1351 980 1431 νοσημάτων
1002 1353 1116 1416 πολλαί
1138 1357 1291 1432 θεραπεῖαι

195 1453 439 1516 καὶπαντοδαπαὶ
453 1459 515 1518 τοῖς
538 1457 647 1534 ἰατροῖς
668 1455 812 1534 εὕρηνται,
828 1460 893 1521 ταῖς
910 1457 942 1518 δὲ
961 1460 1075 1537 ψυχαῖς
1095 1459 1161 1520 τοῖς
1183 1454 1290 1517 νοσού-

196 1579 264 1621 σοις
279 1557 326 1618 καί
341 1559 504 1638 γεμούσαις
516 1562 654 1638 πονηρῶν
665 1559 824 1635 ἐπιθυμιῶν
839 1556 926 1620 οὐδέν
941 1559 1024 1620 ἐστιν
1038 1557 1116 1619 ἄλλο
1134 1553 1292 1636 φόρμακου

196 1657 276 1734 πλὴν
297 1658 388 1738 λόγος
409 1660 426 1720 ὁ
448 1664 566 1736 τολμῶν
587 1663 649 1723 τοῖς
672 1657 922 1738 ἁμαρτανομένοις
945 1657 1143 1736 ἐπιπλήττειν.
1167 1672 1198 1720 et
1220 1657 1292 1719 Me-

196 1757 306 1821 nandri
330 1781 452 1822 versum
478 1758 560 1823 inter
582 1759 772 1823 monosticha
796 1761 868 1824 286.
887 1759 936 1822 ed.
959 1760 1015 1822 Br.
1035 1761 1127 1838 λόγος
1147 1758 1206 1840 γόρ
1227 1760 1293 1821 έστι

197 1860 354 1941 φάρμακον
377 1863 471 1940 λύπης
495 1863 598 1941 μόνον.
624 1861 759 1946 denique
789 1886 827 1925 ex
858 1861 985 1925 homilia
1007 1860 1142 1948 quadam
1174 1858 1292 1937 Basilii,

197 1964 302 2040 ὁμοίως
313 1964 346 2024 δὲ
362 1964 409 2026 καὶ
423 1965 440 2025 ό
456 1963 555 2044 ἰατρὸς
568 1969 626 2026 τῶν
640 1970 750 2047 ψυχῶν
762 1966 845 2044 ἡμῶν
859 1966 875 2026 ὁ
890 1961 984 2045 λόγος
997 1964 1051 2040 τὴν
1061 1962 1119 2026 ὑπὸ
1133 1966 1184 2041 τῆς
1200 1965 1293 2042 ἁμαρ-

197 2065 260 2129 τίας
275 2063 478 2144 κεκακωμένην
491 2064 596 2148 ψυχὴν
610 2069 658 2128 διὰ
671 2071 724 2128 τοῦ
738 2071 841 2146 μικροῦ
855 2067 959 2129 τούτου
974 2064 1163 2144 βοηθήματος
1183 2063 1292 2141 έξιᾶτο.

199 2162 274 2227 Alio
290 2163 470 2251 hujusmodi
492 2164 600 2230 attulit
621 2165 838 2244 Blomfieldus,
853 2166 934 2229 inter
947 2189 1020 2252 quoe
1035 2164 1204 2230 Menandri
1225 2187 1294 2228 sen·

198 2266 294 2329 tentia
308 2281 355 2329 est
369 2266 409 2330 ab
424 2266 587 2331 scholiasta
600 2282 789 2353 comparata,
804 2266 897 2350 λόγος
918 2270 976 2350 γὰρ
998 2269 1199 2349 ἆνθρόποισιν
1217 2271 1295 2331 ῑᾶται

200 2365 314 2434 νόσους·
334 2366 339 2454 Ι
358 2372 459 2451 ψυχῆς
483 2372 540 2450 γὰρ
570 2370 657 2434 οὗτος
678 2366 768 2447 μόνος
793 2370 857 2452 έχει
887 2370 1053 2451 θελκτήρια,
1078 2368 1184 2455 paullo
1206 2367 1296 2432 aliter

199 2469 313 2554 scripta
334 2469 419 2554 apud
446 2468 640 2533 scholiastam
668 2469 801 2532 Homeri
830 2469 868 2533 Il.
890 2477 930 2548 Ο,
950 2490 1023 2555 393.
1051 2467 1149 2551 ἰατρός
1170 2472 1253 2533 ἐστιν
1278 2470 1295 2531 ό

199 2567 290 2652 λόγος
304 2572 468 2651 ἀνθρώποις
482 2570 591 2636 νόσων·
611 2572 616 2658 Ι
634 2578 744 2655 ψυχῶν
755 2575 813 2653 γὰρ
825 2573 910 2639 οὗτος
920 2570 1012 2653 μόνος
1024 2572 1088 2655 ἔχει
1099 2573 1295 2654 κουφίσματα.

201 2671 324 2749 Quibus
337 2671 484 2736 omnibus
506 2673 581 2736 nibil
603 2673 689 2737 aliud
710 2672 843 2737 efficitur
856 2697 951 2760 quam
976 2675 1079 2758 ψυχὴν
1094 2680 1246 2738 νοσοῦσαν
1260 2672 1298 2737 iis

201 2773 296 2838 tn'bui
308 2774 364 2860 qui
378 2775 482 2838 animo
496 2792 570 2840 sunt
582 2778 631 2839 vel
645 2790 775 2863 propter
788 2775 926 2840 dolorem
941 2791 973 2840 et
988 2798 1151 2840 moerorem
1164 2774 1299 2840 demisso

201 2875 248 2938 vel
271 2876 376 2962 pravis
397 2876 621 2963 cupiditatibus
642 2893 800 2964 corrupto.
846 2879 988 2955 Quorum
1012 2878 1100 2964 prius
1121 2892 1157 2942 ut
1174 2879 1215 2941 ab
1231 2879 1299 2941 Ιοοο

203 2977 345 3063 AEscbyli
367 2977 458 3064 plane
472 2979 606 3042 alienum
623 2994 680 3056 est,
694 2979 739 3043 ita
754 3003 792 3043 ne
813 2979 946 3044 alterum
961 2978 1088 3066 quidem
1106 2978 1255 3067 applicari
1269 2979 1299 3042 ei

202 3094 314 3167 potest,
338 3079 396 3143 nisi
416 3080 487 3166 quis
509 3080 777 3168 philosophematc
799 3080 936 3166 quodam
961 3104 1035 3145 usus
1057 3080 1216 3145 irascentis
1234 3081 1299 3145 ani·

202 3205 288 3246 mum
317 3196 469 3268 aegrotare
497 3181 559 3246 dici
584 3182 660 3246 velit
688 3205 848 3269 pravaque
876 3182 1049 3269 cupiditate
1074 3182 1159 3247 duci.
1204 3182 1298 3261 Quod

202 3306 300 3370 quum
316 3306 426 3369 parum
443 3300 552 3369 aptum
577 3284 650 3349 buic
671 3287 741 3349 loco
763 3299 971 3348 commentum
992 3284 1145 3363 videatur,
1162 3284 1216 3348 ubi
1236 3284 1298 3348 du·

204 3408 271 3449 rum
287 3385 392 3471 potius
406 3399 438 3448 et
452 3386 673 3451 inexorabilem
689 3409 784 3472 quarn
801 3401 1002 3472 aegrotantem
1021 3385 1159 3448 animum
1176 3384 1237 3448 dici
1252 3407 1301 3449 res

202 3505 234 3552 et
263 3489 341 3552 ratio
365 3486 515 3574 postulat,
544 3487 732 3575 AEscbylum
759 3510 861 3572 neque
883 3491 984 3570 ψυχῆς
1012 3485 1167 3572 scripsisse
1197 3508 1299 3573 neque

203 3593 292 3671 ὀργῆς
313 3614 350 3654 eo
364 3612 430 3674 quo
450 3589 656 3653 Blonrfieldus
677 3589 792 3674 aliique
814 3587 980 3651 voluerunt
1002 3609 1092 3650 sensu
1115 3587 1229 3652 dixisse
1251 3612 1296 3654 se·
1399 3620 1404 3626 ·

202 3692 321 3778 quitur,
337 3691 377 3755 de
391 3714 457 3777 quo
470 3714 508 3754 eo
522 3695 625 3755 minus
638 3690 767 3778 cogitari
782 3689 927 3768 debebat,
942 3713 1041 3777 quum
1057 3691 1248 3777 praecesserit
1270 3693 1302 3760 ές

203 3792 227 3856 τ’
251 3793 289 3858 ῶν
310 3793 383 3860 Διὸς
410 3791 550 3876 φρόνημα
573 3792 702 3880 λωφήσῃ
730 3789 836 3876 χόλον,
863 3807 933 3879 post
957 3815 1030 3879 quae
1057 3793 1151 3858 verba
1174 3793 1300 3879 ineptus

202 3896 312 3959 fuisset
334 3911 427 3982 poeta
449 3895 473 3958 si
495 3894 646 3980 ambiguo
670 3894 715 3957 uti
736 3896 826 3975 ὀργῆς
850 3894 1002 3958 vocabulo
1019 3895 1190 3971 maluisset,
1210 3894 1298 3980 quod

203 4021 295 4062 nemo
319 4020 381 4061 non
407 3996 447 4060 de
466 3997 513 4061 ira
535 4008 616 4060 esset
638 3997 862 4073 intellecturus,
888 4019 983 4082 quarn
1007 4021 1045 4061 eo
1069 3997 1154 4083 quod
1179 3995 1298 4061 nullam

202 4099 381 4164 admitteret
395 4097 631 4185 ambiguitatem
647 4103 757 4181 ψυχῆς.
790 4101 814 4161 J
816 4122 865 4162 am
882 4098 907 4162 si
923 4121 1024 4185 neque
1038 4104 1138 4182 ψυχῆς
1152 4102 1300 4182 νοσούσης

203 4202 354 4289 scriptum
365 4225 431 4265 esse
445 4201 485 4265 ab
502 4200 656 4285 AEscbylo
670 4222 771 4286 neque
786 4202 874 4281 ὀργῆς
895 4200 955 4263 alia
969 4222 1064 4285 quam
1079 4200 1134 4264 iroe
1148 4201 1300 4288 significa-

204 4301 288 4367 tione
302 4303 421 4367 dictum
437 4326 502 4366 esse
524 4316 636 4389 potest,
653 4301 762 4365 vitium
783 4302 815 4364 in
839 4304 985 4382 νοσούσης
1006 4303 1211 4388 quaerendum
1234 4328 1301 4371 esse

203 4420 302 4492 patet,
316 4428 416 4492 quum
440 4405 485 4469 ira
499 4406 566 4492 ipsa
586 4421 739 4491 aegrotare
753 4404 814 4494 dici
837 4420 979 4492 nequeat.
1025 4406 1088 4470 His
1108 4409 1301 4495 argumentis

203 4507 236 4571 in
262 4529 329 4571 earn
355 4507 512 4573 deductus
533 4529 601 4572 sum
626 4507 807 4572 sententiam
831 4524 868 4572 ut
892 4509 1039 4589 νοσούσης
1061 4509 1173 4575 veteris
1197 4532 1301 4575 errore

727 4630 750 4672 Η
768 4627 786 4674 2
