2978 5062
603 354 671 418 An
694 356 884 421 Punsns.
1229 359 1296 426 sn

236 523 392 599 ναυβατῶν
405 518 584 585 Brunokius
598 544 638 586 ex
649 524 696 600 A,
710 522 767 608 qui
782 528 923 589 νανατῶν.
939 530 1073 590 ναυατῶν
1087 539 1150 591 tres
1163 525 1293 592 oodices.

193 625 335 700 ναβατῶν
350 619 429 685 Ald.
451 629 609 704 ναυβατῶν
623 623 730 712 vulgo.

239 741 332 807 1013.
350 723 439 806 γένος
456 724 504 811 τὸ]
522 725 557 790 τὸ
571 725 661 809 γένος
674 728 709 790 τὸ
724 725 824 792 oodex
840 750 931 794 uuus.
964 728 1061 794 Alius
1074 730 1109 795 τὸ
1122 730 1211 814 γένος
1225 736 1292 796 τῶν.

191 823 291 907 γένος,
305 825 419 890 omisso
432 825 577 907 articulo,
593 828 678 894 Rob.

236 932 363 1008 Περσᾶν
378 929 428 992 Μ.
452 934 582 1011 Περσῶν
595 928 702 1017 vulgo.

240 1048 332 1112 ¹0¹4·
348 1033 406 1112 μὲν
419 1054 483 1095 om.
499 1031 584 1097 Rob.

240 1136 332 1197 1016.
352 1134 485 1219 μεγάλα]
502 1134 582 1216 μέγα
596 1133 673 1198 Ald.
695 1133 816 1216 μεγάλα
829 1159 864 1199 τε
879 1135 928 1198 Μ.
973 1136 1177 1202 Scribendum
1197 1139 1291 1221 μεγά-

192 1241 255 1301 λως
268 1258 308 1300 ex
321 1237 471 1303 Contobr.
487 1236 590 1323 primo
604 1251 636 1302 et
652 1235 760 1301 Guels.

238 1342 363 1420 Περσῶν
377 1340 427 1402 Μ.
451 1345 581 1421 Περσῶν
594 1338 701 1426 vulgo.

240 1438 332 1502 1018.
347 1439 430 1524 τόδε]
447 1444 538 1504 τᾶσδε
553 1454 615 1504 tres
629 1438 722 1504 oodd.
737 1462 777 1503 ex
790 1439 969 1526 conjectura
983 1440 1100 1506 librarii
1115 1442 1289 1509 trimetrum

192 1539 345 1606 facientis.

239 1662 463 1710 1010-1011.
477 1643 776 1726 τῶνδε-βελέεσσιν
789 1666 852 1709 om.
869 1645 997 1710 Barocc.
1012 1645 1090 1711 Ald.

239 1765 333 1814 1020.
354 1747 444 1813 τῶνδε
459 1750 509 1812 Μ.
527 1747 643 1834 aliique
665 1745 806 1811 nonnulli
828 1769 901 1810 cum
918 1750 1022 1811 Turn.
1045 1750 1132 1814 τωνδί
1151 1749 1291 1838 plerique

192 1869 265 1911 cum
282 1848 393 1934 Steph.
407 1849 432 1912 si
445 1849 523 1935 quid
539 1872 579 1913 ex
593 1849 715 1914 silentio
729 1848 949 1935 colligendum.
972 1849 1056 1916 τῶνδι
1071 1852 1156 1916 Rob.

237 1950 455 2032 ολατοδέγμανα
470 1951 519 2015 Μ.
541 1951 756 2035 ῶιστοδέγμονα
771 1949 876 2038 vulgo.
920 1952 980 2015 Est
994 1950 1076 2016 idem
1091 1953 1178 2038 quod
1194 1956 1292 2019 οἰστο-

192 2053 274 2131 δόκη.

239 2171 463 2239 soen-1023.
486 2154 633 2218 Personae
650 2168 733 2218 11111
746 2152 910 2239 descriptae
923 2151 954 2215 in
972 2152 1082 2239 Steph.
1128 2154 1168 2218 In
1184 2156 1289 2220 Tum.

191 2260 248 2319 Xo.
270 2259 343 2320 τί-
358 2257 412 2323 Ξε.
432 2256 683 2338 βαιά-ἆρωγῶν.
707 2254 745 2318 In
761 2254 844 2319 Rob.
860 2259 917 2318 Xo.
931 2256 1004 2317 τέ-
1018 2256 1070 2321 Ξε.
1094 2255 1291 2335 σεσωσμένον

190 2393 235 2408 -
246 2363 301 2422 Χο.
316 2357 437 2439 βαιά-
447 2360 501 2425 Ec.
518 2355 712 2438 έσπανίσρκθ
728 2359 860 2441 ἀρωγῶν.
884 2358 924 2421 In
937 2353 1025 2434 ΑΜ,
1035 2378 1109 2442 quae
1118 2378 1148 2421 v.
1165 2377 1291 2425 1010-

193 2479 286 2528 1011.
310 2475 405 2540 01111,
430 2463 484 2525 Ξε.
509 2461 761 2542 βαιά-ἀρωγῶν.
806 2460 926 2523 Xerxis
950 2481 1114 2546 personam
1138 2474 1210 2525 aute
1236 2486 1290 2526 σε·

191 2563 350 2643 σωσμένον
365 2562 482 2627 hebent
498 2563 597 2626 Paris.
614 2575 685 2626 tres

238 2683 331 2730 1022.
344 2664 512 2745 βελέεσσιν
527 2664 742 2727 Hermannus.
762 2661 913 2742 βέλεσσιν
925 2663 976 2728 Μ.
992 2663 1125 2744 βέλεσσι
1140 2663 1289 2729 Cantabr.

191 2765 324 2853 primus.
345 2765 456 2845 βέλεσι
469 2764 577 2853 vulgo.
623 2762 819 2830 Vocabulum
833 2786 894 2829 om.
914 2765 998 2829 Rob.

240 2865 644 2951 1015.ἸάνονΡ111011111.
664 2863 789 2931 Ἰαόνων
801 2867 909 2953 vulgo.
930 2865 1062 2932 Ἰαόνων
1078 2866 1154 2933 Ald.
1170 2868 1254 2933 Rob.

238 2972 333 3036 1016.
355 2969 531 3053 ἀγανόρειος
551 2971 601 3034 Μ.
624 2982 656 3034 11
675 2967 820 3033 1111111ἱί.
866 2968 1015 3057 Plerique
1034 2968 1198 3054 ἇγανόρεος
1217 2993 1291 3035 cum

194 3072 278 3138 Rob.
301 3070 463 3155 ἇγανόριος
475 3071 553 3136 Ald.
570 3073 674 3135 Turn.

236 3191 331 3258 1017.
347 3174 548 3259 ναύφρακτον]
565 3172 771 3238 Soribendum
788 3174 987 3255 ναύφαρκτον.
1006 3175 1041 3237 V.
1057 3173 1098 3238 ad
1114 3196 1146 3238 v.
1163 3193 1236 3259 950.

239 3276 332 3340 1028.
358 3275 505 3362 ἐπέρρηξ’]
528 3274 674 3359 ἐπέρρηξό
695 3273 723 3358 γ’
748 3274 855 3362 Steph.
878 3289 910 3339 et
933 3273 1066 3360 aliquot,
1094 3288 1131 3339 ut
1152 3275 1289 3355 videtur,

192 3375 321 3442 oodioes

235 3480 339 3565 κακοῦ]
356 3505 404 3563 γρ.
420 3486 517 3545 κακῶν
532 3482 635 3544 Τ11111.

237 3599 331 3665 1019.
354 3587 454 3646 παπαῖ
474 3581 522 3645 bis
536 3583 587 3645 M.
609 3603 682 3646 cum
701 3581 798 3645 Paris.
818 3602 882 3644 uuo
903 3596 935 3646 et
954 3579 1038 3645 Rob.
1053 3578 1149 3668 vulgo
1166 3595 1289 3667 quater.

190 3684 232 3748 In
246 3683 339 3749 oodd.
355 3683 515 3748 nonnullis
533 3681 626 3748 semel
641 3682 690 3747 vel
710 3697 776 3748 ter:
799 3682 831 3746 iu
850 3683 919 3748 aliis
940 3682 1107 3769 quinquies
1122 3681 1170 3748 vel
1192 3682 1291 3748 sexies

189 3785 279 3852 odeo.
324 3787 474 3851 Ceterum
501 3788 599 3850 παπαί
621 3798 795 3871 oxytonum
819 3800 866 3850 est
888 3786 921 3850 in
947 3787 1024 3852 ΑΜ.
1049 3789 1134 3854 Rob.
1162 3788 1289 3851 Turn:

189 3889 431 3977 perispomenon
445 3887 477 3952 iu
494 3887 605 3974 Steph.

237 4009 332 4077 1030.
346 3992 468 4075 πλεῖον]
488 3990 670 4076 Legebutur
685 3989 732 4052 καὶ
745 3996 861 4054 πλεῖον.

233 4093 356 4178 πλεῖον]
374 4091 471 4158 πλέον
485 4091 577 4156 codd.
593 4089 734 4154 nonnulli
748 4105 780 4155 et
794 4089 874 4155 Ald.
891 4092 995 4157 Tum.

232 4198 290 4276 μὶν
304 4196 359 4259 οὖν
372 4215 434 4257 om.
452 4207 514 4257 tres
527 4192 619 4257 oodd.
633 4207 665 4256 et
680 4190 753 4255 Ald.

232 4295 304 4382 οὖν]
320 4297 356 4360 οὔ
373 4294 476 4360 Viteb.
492 4297 599 4380 Mosq.

236 4418 331 4486 1032.
348 4398 456 4463 Choro
469 4396 654 4460 continuant
667 4395 747 4460 Ald.
763 4398 867 4461 Turn.

232 4501 385 4587 χάρματα]
404 4501 576 4584 χαρίσματα
591 4502 669 4566 Ven.
685 4499 805 4587 primus
818 4513 851 4562 11
865 4495 944 4562 Ald.
