2978 5062
346 355 415 419 AD
440 355 632 419 SEPTEM
657 355 907 419 ADVERSUS
931 355 1134 419 THEBAS.
1231 351 1295 424 169

190 525 332 612 scriptor.
368 527 420 590 De
433 540 596 612 portarum
613 525 713 589 titulis
727 524 854 589 consule
869 526 959 589 Pors.
974 524 1014 589 ad
1032 524 1186 590 Plroeniss.
1202 543 1294 610 1150.

191 628 366 692 BLOMF.
414 628 465 691 De
486 627 586 714 portis
601 626 786 691 Thebarum
809 626 1018 714 copiosissime
1035 627 1209 716 disputavit
1224 630 1295 694 Un-

189 751 284 815 gerus
298 729 331 792 in
348 727 511 793 Thebanis
526 727 700 792 Paradoxis
714 727 774 792 vol.
794 749 823 792 1.
840 728 915 793 Hal.
931 731 1023 815 1839.

231 830 356 914 Τυδεὺς]
382 829 553 916 Euripides
568 829 681 893 Phcen.
701 849 793 916 1130.
812 831 962 918 Tydeum
981 832 1176 911 Homoloidi,
1194 833 1294 920 Apol·

190 929 319 994 lodcrus
339 950 369 1015 3.
394 953 425 1016 p.
450 951 520 1015 154.
543 931 672 995 Crenidi
698 946 798 1018 portae
828 931 993 1006 admovet3
1030 934 1164 998 Proetidi
1189 950 1295 998 autem

191 1049 325 1119 uterque
339 1032 581 1118 Amphiaraum.
613 1032 674 1097 Sed
690 1033 836 1097 nimirum
853 1034 884 1098 in
900 1034 974 1121 ipsis
990 1049 1149 1123 portarum
1167 1036 1295 1101 Theba-

190 1157 301 1199 narum
318 1134 495 1199 nominibus
509 1149 653 1199 auctores
668 1134 863 1200 dissentiunt.
906 1136 1077 1223 AEschylus
1092 1137 1172 1201 enim
1190 1153 1295 1225 portas

191 1236 331 1301 nominat
349 1258 375 1301 1.
390 1236 555 1316 Proetidas,
573 1256 601 1301 2.
618 1236 771 1314 Electras,
787 1259 818 1324 3.
833 1240 952 1317 Neitas,
968 1259 1000 1321 4.
1012 1242 1157 1316 Oncaeas,
1171 1255 1204 1324 5.
1216 1240 1296 1302 Βοτ·

191 1339 292 1416 rhcaa,
320 1342 350 1403 6.
376 1338 592 1419 Homoloidas,
621 1356 650 1422 7.
674 1339 859 1404 Hebdomas
883 1364 908 1404 s.
933 1341 1087 1427 septimas.
1126 1341 1297 1427 Euripides

192 1465 275 1522 vero,
291 1465 483 1530 quamquam
506 1443 567 1506 alio
588 1443 707 1522 ordine,
730 1463 758 1508 1.
774 1442 940 1519 Proetidas,
961 1461 989 1508 2.
1003 1442 1154 1521 Electras,
1173 1463 1203 1528 3.
1221 1444 1297 1507 Nei-

193 1558 251 1623 tas,
273 1567 304 1626 4
320 1548 477 1623 Crenaeas,
500 1562 532 1631 5.
550 1545 701 1633 Ogygias,
716 1548 747 1611 6.
758 1544 978 1623 Homoloidas,
1001 1561 1033 1627 7.
1045 1546 1230 1610 Hebdomas
1241 1568 1296 1633 ap-

192 1648 296 1734 pellat.
334 1647 501 1712 Pausaniae
516 1670 590 1711 vero
605 1661 818 1712 memorantur
846 1669 871 1711 1.
889 1645 1056 1724 Proetides,
1074 1667 1103 1714 υ.
1117 1647 1254 1713 Electra
1270 1671 1295 1713 s.

192 1749 379 1828 Electridas,
396 1772 426 1837 3.
440 1752 544 1815 Neitae
559 1774 583 1815 s.
596 1748 749 1824 Neitides,
762 1769 793 1829 4.
807 1751 960 1828 Crenaeae,
975 1770 1005 1834 5.
1017 1750 1164 1837 Ogygiae,
1181 1752 1210 1813 6.
1227 1753 1296 1815 Ho-

192 1852 353 1931 moloidas,
379 1869 409 1934 7.
431 1853 606 1940 Hypsistae.
642 1852 761 1917 Statius
786 1874 838 1915 eas
861 1850 909 1914 his
932 1850 1112 1915 nominibus
1136 1866 1294 1916 recenset:

196 1955 398 2033 1.Proetides,
414 1955 598 2034 2.Electrae,
614 1957 767 2041 3.Neita³.,
782 1974 813 2035 4.
825 1953 966 2032 Dircaeae,
982 1961 1014 2038 5.
1024 1953 1168 2040 Ogygiae,
1187 1956 1296 2018 6.Ηο-

193 2057 353 2137 moloi'des,
369 2077 399 2141 7.
413 2058 587 2146 Hypsistae.
612 2061 659 2120 At
671 2057 702 2119 in
713 2054 774 2119 alia
784 2055 887 2118 omnia
900 2054 966 2119 abit
979 2054 1143 2142 Hyginus,
1155 2054 1295 2142 Mythol.

193 2182 220 2222 c.
229 2163 281 2244 69.
290 2160 345 2247 qui
355 2175 461 2247 portas
467 2161 652 2224 Thebarum
662 2156 891 2243 abAmphione
900 2171 1017 2243 septem
1029 2156 1161 2220 filiarum
1173 2158 1297 2222 nomine

193 2261 355 2327 distinctas
369 2263 463 2326 fuisse
478 2264 631 2349 perhibet,
646 2288 779 2350 quarum
797 2266 923 2330 nomina
937 2266 1055 2330 fuerint
1071 2266 1190 2343 Thera,
1203 2265 1296 2332 Cleo·

194 2363 287 2443 done,
303 2367 491 2450 Astynome,
507 2368 699 2452 Astycratia,
717 2368 823 2446 Chias,
839 2368 974 2455 Ogygia,
991 2366 1124 2432 Chloris.
1150 2369 1251 2434 SCH.

236 2485 311 2552 379.
325 2468 461 2548 γίγνεται
476 2470 645 2533 Por-sonus.
668 2474 784 2553 γίνεται
798 2470 870 2535 edd.
886 2470 1013 2556 priores.

236 2571 312 2653 381.
327 2576 544 2651 μεσημβριναῖς
560 2578 740 2655 κλαγγαῖσιν
755 2574 793 2639 ὡς
808 2571 923 2654 δράκον
932 2573 1009 2655 βοᾷ]
1025 2571 1183 2636 Nimirum
1196 2596 1297 2659 genus

194 2686 241 2735 est
265 2686 456 2758 serpentum,
479 2673 565 2758 quod
586 2674 701 2738 oestivis
724 2674 919 2762 potissimum
935 2674 1099 2753 caloribus,
1115 2689 1147 2739 et
1162 2676 1296 2739 maxime

195 2773 323 2860 quidem
345 2773 426 2838 circa
447 2774 606 2838 meridiem
632 2776 728 2840 saevit.
767 2776 965 2842 Luculentus
988 2793 1033 2842 est
1058 2778 1180 2866 Virgilii
1198 2782 1294 2859 locus,

196 2876 251 2962 qui
265 2876 345 2940 hanc
361 2876 507 2964 AEschyli
521 2879 781 2964 comparationem
804 2879 952 2966 praeclare
967 2879 1112 2959 illustrat,
1128 2883 1248 2970 Georg.
1263 2902 1294 2968 3,

195 2994 270 3061 425.
287 2981 387 3043 SCH.
867 3042 873 3051 .

238 3082 313 3165 382.
337 3085 428 3147 θείνει
449 3106 503 3146 sex
524 3084 644 3149 codices
665 3098 697 3149 et
719 3085 803 3149 Rob.
836 3085 939 3151 σθένει
962 3085 1027 3150 duo
1052 3085 1142 3151 codd.
1163 3103 1193 3152 et
1217 3086 1295 3152 Ald.

197 3183 277 3249 θένει
302 3186 406 3263 ceteri,
426 3208 499 3272 quae
521 3210 582 3250 vox
607 3210 668 3252 non
693 3187 785 3252 nauci
807 3202 865 3251 est.
902 3188 1147 3276 Diphthongum
1173 3189 1296 3275 flagitat

197 3301 330 3350 metrum
353 3288 433 3351 infra
458 3307 531 3375 957.
556 3293 642 3355 Pers.
666 3311 741 3376 303.
761 3291 838 3372 418.
861 3294 936 3375 965.
956 3290 1126 3377 simplicem
1146 3291 1294 3369 vocalem,

197 3404 349 3474 quantum
377 3391 481 3469 sciam,
512 3393 668 3481 nuspiam.
713 3395 893 3457 Occurrunt
918 3390 1046 3478 quidem
1074 3393 1178 3471 θένων,
1205 3393 1295 3473 θένει,

197 3491 306 3571 θένειν,
321 3495 474 3558 mutanda
487 3494 519 3558 in
536 3497 640 3572 θενὼν,
655 3494 703 3558 vel
720 3500 825 3570 θενιῖν,
841 3499 930 3572 θενεῖ,
943 3499 1052 3559 θενεῖν.
1077 3496 1117 3558 Iu
1129 3495 1295 3581 Aristoph.

197 3594 262 3656 Av.
278 3613 331 3676 54.
346 3594 504 3680 vulgatur,
520 3597 607 3661 Οἶσθ
623 3600 676 3661 οὖν
697 3597 714 3660 b
736 3602 866 3679 8ρᾶσον;
890 3603 930 3684 τῷ
952 3597 1056 3662 σκέλει
1078 3599 1147 3664 θένε
1169 3599 1223 3677 τὴν
1243 3596 1296 3661 πί-

197 3720 280 3777 τρου,
305 3697 359 3759 sed
379 3697 422 3760 ibi
449 3697 614 3783 legendum
636 3722 701 3762 esse
723 3704 825 3764 θεῖνον
846 3699 958 3782 πέτρον
981 3723 1019 3764 ex
1046 3721 1075 3763 v.
1093 3703 1149 3784 56.
1172 3701 1223 3764 80.
1244 3700 1294 3783 83.

201 3812 271 3879 107.
287 3812 381 3883 patet.
420 3801 513 3864 Cous.
529 3801 669 3866 Pierscn.
685 3800 784 3865 Veris.
802 3821 833 3881 a,
849 3820 880 3887 5.
897 3825 930 3890 p.
945 3821 1017 3886 193.
1042 3801 1216 3866 BLOMF.

241 3897 265 3962 δ’
281 3921 343 3964 cm.
359 3899 436 3963 Ald.

239 4002 315 4086 384.
330 4009 409 4085 τρεῖς
423 4006 598 4073 κατασκίους
611 4008 740 4091 λόφους]
758 4009 835 4071 Huc
846 4006 971 4093 respicit
981 4006 1145 4097 Aristoph.
1155 4005 1296 4073 Acham.

199 4106 271 4187 965.
287 4108 451 4185 κραδαίνων
468 4113 546 4187 τρεῖς
560 4110 735 4176 κατασκίους
754 4112 878 4192 λόφους.
918 4108 1049 4173 Galeam
1072 4111 1220 4193 τρίλοφον
1240 4133 1298 4174 sae-

198 4205 268 4289 pius
282 4221 457 4271 memorant
471 4222 599 4274 veteres.
623 4211 788 4291 τρυφαλείῃ
801 4210 887 4296 apud
904 4212 1037 4276 Homer.
1061 4210 1152 4276 Iliad.
1170 4218 1204 4286 Γ,
1219 4229 1297 4298 372.

199 4307 370 4370 secundum
385 4311 604 4394 grammaticos
614 4326 661 4376 est
671 4314 690 4392 ἡ
701 4318 779 4395 τρεῖς
789 4311 906 4395 φόλους
918 4314 1041 4397 ἔχουσα.
1066 4313 1181 4401 Eurip.
1195 4314 1300 4402 Orest.

203 4410 294 4489 1487.
317 4412 486 4492 τρικόρυθος
509 4416 595 4480 Alos.
626 4415 830 4479 Eratosthen.
858 4417 976 4479 Calact.
994 4434 1044 4499 13.
1065 4436 1099 4501 p.
1118 4430 1150 4500 5.
1171 4415 1219 4480 καί
1239 4415 1301 4495 ἅμα

198 4507 346 4594 Ἡνίοχον
368 4513 448 4595 ἔχων
468 4513 655 4598 παραβάτην,
677 4519 816 4583 ἆσττιδίον
845 4517 967 4602 ἔχοντα,
994 4515 1045 4582 καί
1067 4519 1228 4599 τριλοφίαν
1251 4516 1302 4582 ἐπὶ

732 4641 755 4684 Υ
