2978 5062
253 341 319 405 220
612 345 992 410 ANNOTATIONES

255 512 373 673 a,3¹56
398 512 536 597 ἔσπακεν]
559 513 667 577 ἔστακε
689 513 713 576 δ’
737 513 843 601 vulgo,
866 516 953 599 quod
976 514 1195 579 meandum,
1226 515 1360 580 loma

298 714 457 800 τροπαῖον]
472 720 613 799 τρόπαιον
626 718 732 805 vulgo.

297 836 317 901 9
318 831 371 901 59.
387 819 553 906 ἐθείνοντο]
570 822 723 886 ἐθείνοντο
739 823 841 886 Vireb.

298 922 371 1003 960.
388 921 475 1000 ἔληξε
486 924 612 1011 δαίμων]
630 923 713 1004 ἔληξ
727 928 744 988 θ
760 927 872 1006 δαίμων
886 926 970 989 Α.Β.
986 940 1018 990 et
1032 924 1173 1011 quinque
1186 921 1250 987 alii.

297 1024 372 1108 961.
389 1024 429 1087 In
443 1024 569 1089 alternis
583 1049 657 1111 quae
671 1040 848 1113 sequuntur
861 1027 952 1092 dictis
965 1028 1193 1092 observandum
1208 1039 1266 1103 est,
1281 1025 1356 1087 An-

252 1123 380 1211 tigonen
403 1149 525 1213 semper
545 1127 586 1191 de
608 1127 768 1215 Polynice,
783 1129 926 1196 Ismenen
943 1152 1019 1194 vero
1039 1129 1080 1194 de
1102 1127 1232 1194 Eteocle
1254 1125 1354 1212 loqui.

254 1226 354 1291 SCH.

297 1331 336 1394 σὺ
364 1329 388 1393 δ’
414 1332 519 1399 ἔθανες
542 1331 747 1418 κατακτανόν]
775 1334 878 1398 Verba
905 1355 925 1398 a
952 1349 1124 1398 conectere
1148 1332 1277 1397 metrico
1301 1330 1352 1394 in·

252 1421 485 1519 terpolam'qui
500 1435 655 1498 senarium
677 1435 797 1500 efficere
811 1436 921 1503 voluit.
970 1437 1177 1502 Manifestum
1198 1449 1246 1501 est
1266 1435 1353 1499 idem

252 1533 365 1597 horum
381 1535 547 1599 verborum
562 1552 696 1602 metrum
711 1561 777 1602 esse
787 1538 901 1603 debere
914 1539 1002 1626 quod
1012 1538 1269 1627 precedentium,
1280 1535 1353 1623 qui-

250 1634 313 1700 bus
334 1637 534 1724 respondent,
549 1643 687 1707 παισθεὶς
709 1642 844 1709 ἔπαισας.
888 1641 984 1720 Quod
1005 1640 1225 1707 animadvertit
1240 1638 1348 1703 Lach-

250 1759 385 1802 munuus
406 1763 439 1828 p.
463 1762 516 1826 94.
538 1741 593 1827 qui
616 1743 720 1810 ἔθανες
742 1743 887 1811 κατακτάς
907 1743 1050 1831 conjecit,
1072 1743 1105 1806 in
1128 1765 1194 1828 quo
1216 1740 1351 1805 offendit

249 1855 437 1927 anapestus.

293 1944 398 2013 ἔθανες
419 1948 622 2031 κατακτανών]
640 1947 745 2015 ἔθανες
765 1950 880 2013 κτανών
894 1949 934 2013 F.
949 1947 1087 2013 Vindob.
1102 1946 1224 2034 primus
1237 1961 1269 2011 et
1283 1946 1348 2009 Ve-

248 2062 340 2112 netus
354 2049 519 2112 secundus.
543 2049 648 2115 ἔθανες
661 2051 822 2115 κάκτονῶν
836 2049 946 2114 Guelf.
968 2050 1088 2117 ἔκτανες
1102 2051 1202 2114 θανόν
1216 2050 1256 2114 Β.

292 2152 366 2235 962.
383 2151 486 2219 ἔκανες
501 2153 715 2217 Hermaunus.
737 2153 858 2220 ἔκτανες
872 2152 953 2216 libri.

291 2256 365 2339 963.
386 2255 582 2340 μελεόπονος]
599 2258 663 2330 Qut
680 2258 796 2320 misero
818 2257 1003 2334 elaboravit,
1019 2255 1049 2318 vi
1064 2255 1176 2335 scura,
1192 2270 1229 2320 ut
1249 2257 1347 2320 πολύ·

248 2381 342 2421 πονον
371 2360 440 2440 δόρυ
471 2359 557 2423 Pers.
585 2379 658 2445 320.
687 2359 886 2438 μελεοπαθῆς,
913 2360 969 2445 qui
994 2359 1111 2421 mirera
1138 2377 1257 2444 possus
1289 2366 1348 2421 cst.

248 2459 424 2523 BLOMF.

290 2563 364 2646 964.
380 2562 619 2652 crisma—7605]
636 2563 841 2628 Scribendum
857 2563 980 2627 inverso
993 2561 1103 2627 ordine
1121 2561 1349 2645 γόον-δάκρυα

247 2685 318 2728 cum
335 2666 511 2730 Α.Β.Ε.Ν.
529 2681 561 2729 et
575 2681 693 2752 septem
709 2664 786 2744 aliis,
801 2665 912 2748 δάκρυα
926 2681 1030 2729 autem
1053 2664 1084 2728 iu
1108 2664 1197 2745 δάκρυ
1219 2678 1347 2729 mutau-

246 2764 323 2829 dum
338 2789 410 2830 cum
427 2768 642 2832 Lachmanno.

290 2870 367 2953 965.
398 2875 465 2934 ΑΝ.
495 2873 682 2951 προκείσεται
715 2869 870 2955 κατακτάς]
901 2868 1106 2934 Scribendum
1139 2889 1211 2933 cum
1242 2869 1348 2933 Lach-

246 2992 361 3034 manno

507 3105 573 3163 AN.
596 3104 790 3182 πρόκεισαι-

507 3209 555 3267 ΙΣ.
581 3201 735 3268 κατακτάς.

246 3383 402 3461 πρόκεισαι
416 3381 634 3468 corrigendum
649 3401 715 3442 esse
726 3376 846 3441 viderat
862 3377 1073 3440 Hermannus

290 3482 687 3568 966-977=978-989·

290 3586 365 3668 966.
391 3585 562 3670 Antigona
587 3583 673 3645 hunc
695 3603 842 3644 versuum
869 3592 952 3643 recte
975 3580 1086 3646 tribuit
1110 3582 1347 3652 Lachmaunus.

247 3688 293 3752 Et
315 3687 358 3750 sic
379 3686 493 3774 partim
516 3685 601 3749 Rob.
621 3684 749 3769 duoque
767 3683 900 3761 codices,
922 3683 978 3769 qui
999 3682 1237 3750 exclamationes
1255 3687 1292 3766 ἠὲ
1309 3689 1346 3767 ἠὲ

250 3787 392 3864 Ismenes,
408 3784 558 3872 reliquam
573 3806 679 3847 versus
693 3797 813 3870 partem
828 3783 1002 3869 Antigonae
1017 3783 1172 3848 tribuunt.

290 3888 326 3966 ἠὲ
340 3888 387 3973 ἠὲ]
402 3887 534 3951 Eaedem
554 3885 780 3972 interjectiones
799 3884 948 3972 leguntur
962 3885 994 3948 in
1009 3907 1100 3950 versu
1121 3884 1348 3973 antistrophico

248 3991 323 4072 978.
339 3991 371 4054 in
389 3988 500 4076 Suppl.
517 3990 590 4074 831.
605 4002 634 4052 et
650 3987 780 4074 simplex
795 3989 830 4067 ἠὲ
844 3988 876 4051 in
891 3987 993 4051 Persis
1006 3989 1080 4072 569.
1095 4003 1170 4071 577.
1182 3989 1258 4073 652.
1270 3991 1346 4074 657.

249 4089 335 4154 Nihil
351 4092 391 4155 de
406 4092 465 4156 hoc
480 4093 515 4171 ἠὲ
530 4115 549 4155 a
564 4112 722 4177 quoquam
742 4089 1013 4177 grammaticorum
1035 4089 1186 4155 traditum
1203 4089 1266 4154 vidi
1289 4114 1347 4157 nec

248 4192 310 4255 scio
332 4195 416 4258 undc
437 4193 553 4258 librarii
575 4192 776 4278 cognoverint
798 4192 883 4278 quod
905 4192 1013 4279 tragici
1032 4192 1216 4279 scripserant
1232 4200 1296 4273 ΕΕ,
1311 4194 1345 4258 id

248 4305 365 4380 septem
381 4295 486 4359 illisio
503 4294 643 4359 versibus
659 4293 804 4381 AEschyli
821 4296 865 4373 ἠὲ,
881 4294 912 4357 in
936 4295 1064 4381 reliquis
1082 4296 1228 4362 omnibus
1250 4297 1346 4384 tragi-

248 4417 355 4459 corum
370 4394 445 4461 locis
461 4398 475 4460 ἔ
491 4397 505 4460 ἓ
519 4397 567 4460 vel
583 4399 613 4460 ἔέ
633 4396 815 4481 significare.
860 4396 955 4473 Mihi,
974 4419 1074 4482 quum
1097 4403 1150 4461 ΕΕ
1173 4399 1259 4485 apud
1282 4414 1345 4464 tra-

247 4496 331 4585 gicos
346 4498 439 4562 modo
454 4498 625 4586 pyrrhichii
639 4498 733 4563 modo
747 4497 841 4564 iambi
852 4520 1028 4564 mensuram
1043 4498 1170 4580 habeat,
1185 4523 1344 4589 nusquam
