<?xml version="1.0" encoding="UTF-8"?>
<!DOCTYPE html PUBLIC "-//W3C//DTD XHTML 1.0 Transitional//EN"
    "http://www.w3.org/TR/xhtml1/DTD/xhtml1-transitional.dtd">
<html xmlns="http://www.w3.org/1999/xhtml" xml:lang="en" lang="en">
 <head>
  <title>
</title>
<meta http-equiv="Content-Type" content="text/html;charset=utf-8" />
  <meta name='ocr-system' content='tesseract 3.04.00' />
  <meta name='ocr-capabilities' content='ocr_page ocr_carea ocr_par ocr_line ocrx_word'/>
</head>
<body>
  <div class='ocr_page' id='page_1' title='image "./tragoediaesuper02aescgoog_0085.png"; bbox 0 0 2978 5062; ppageno 0'>
   <div class='ocr_carea' id='block_1_1' title="bbox 514 286 1289 353">
    <p class='ocr_par' dir='ltr' id='par_1_1' title="bbox 514 286 1289 353">
     <span class='ocr_line' id='line_1_1' title="bbox 514 286 1289 353; baseline 0 -3"><span class='ocrx_word' id='word_1_1' title='bbox 514 287 583 352; x_wconf 84' lang='lat' dir='ltr'><strong>An</strong></span> <span class='ocrx_word' id='word_1_2' title='bbox 605 286 965 353; x_wconf 84' lang='lat' dir='ltr'><strong>PROMETHEUM.</strong></span> <span class='ocrx_word' id='word_1_3' title='bbox 1246 287 1289 353; x_wconf 78' lang='lat'><strong>75</strong></span> 
     </span>
    </p>
   </div>
   <div class='ocr_carea' id='block_1_2' title="bbox 179 453 1293 4472">
    <p class='ocr_par' dir='ltr' id='par_1_2' title="bbox 192 453 1288 847">
     <span class='ocr_line' id='line_1_2' title="bbox 192 453 1287 540; baseline 0.002 -21"><span class='ocrx_word' id='word_1_4' title='bbox 192 473 245 537; x_wconf 82' lang='lat'><strong>29.</strong></span> <span class='ocrx_word' id='word_1_5' title='bbox 272 453 449 538; x_wconf 85' lang='grc' dir='ltr'>Ἐμπειρίαν</span> <span class='ocrx_word' id='word_1_6' title='bbox 477 454 502 520; x_wconf 82' lang='grc' dir='ltr'><strong>δ’</strong></span> <span class='ocrx_word' id='word_1_7' title='bbox 532 457 638 540; x_wconf 71' lang='grc' dir='ltr'>ἔχουσι</span> <span class='ocrx_word' id='word_1_8' title='bbox 669 457 719 520; x_wconf 82' lang='grc' dir='ltr'><strong>καὶ</strong></span> <span class='ocrx_word' id='word_1_9' title='bbox 752 459 804 535; x_wconf 86' lang='grc' dir='ltr'>τῆς</span> <span class='ocrx_word' id='word_1_10' title='bbox 831 458 881 520; x_wconf 73' lang='grc' dir='ltr'><strong>διὸ</strong></span> <span class='ocrx_word' id='word_1_11' title='bbox 909 461 969 521; x_wconf 83' lang='grc' dir='ltr'>τῶν</span> <span class='ocrx_word' id='word_1_12' title='bbox 995 458 1109 521; x_wconf 78' lang='grc' dir='ltr'>οίονῶν</span> <span class='ocrx_word' id='word_1_13' title='bbox 1136 462 1287 538; x_wconf 77' lang='grc' dir='ltr'>μαντικῆς.</span> 
     </span>
     <span class='ocr_line' id='line_1_3' title="bbox 231 657 1217 745; baseline 0 -24"><span class='ocrx_word' id='word_1_14' title='bbox 231 679 307 742; x_wconf 88' lang='lat'>490.</span> <span class='ocrx_word' id='word_1_15' title='bbox 324 658 502 745; x_wconf 74' lang='grc' dir='ltr'>εὐωνύμους]</span> <span class='ocrx_word' id='word_1_16' title='bbox 519 658 662 738; x_wconf 71' lang='lat' dir='ltr'><strong>eddanum</strong></span> <span class='ocrx_word' id='word_1_17' title='bbox 677 659 761 723; x_wconf 89' lang='lat' dir='ltr'><strong>Rob.</strong></span> <span class='ocrx_word' id='word_1_18' title='bbox 776 658 889 745; x_wconf 87' lang='lat' dir='ltr'><strong>Steph.</strong></span> <span class='ocrx_word' id='word_1_19' title='bbox 905 681 977 722; x_wconf 90' lang='lat' dir='ltr'><strong>cnm</strong></span> <span class='ocrx_word' id='word_1_20' title='bbox 992 657 1113 745; x_wconf 85' lang='lat' dir='ltr'><strong>aliquot</strong></span> <span class='ocrx_word' id='word_1_21' title='bbox 1125 659 1217 724; x_wconf 88' lang='lat' dir='ltr'><strong>codd.</strong></span> 
     </span>
     <span class='ocr_line' id='line_1_4' title="bbox 232 758 1288 847; baseline -0.001 -24"><span class='ocrx_word' id='word_1_22' title='bbox 232 778 309 843; x_wconf 80' lang='lat'><strong>492.</strong></span> <span class='ocrx_word' id='word_1_23' title='bbox 330 759 511 844; x_wconf 78' lang='grc' dir='ltr'>στέργηθρα]</span> <span class='ocrx_word' id='word_1_24' title='bbox 538 759 703 842; x_wconf 75' lang='grc' dir='ltr'>στέργητρα</span> <span class='ocrx_word' id='word_1_25' title='bbox 726 762 774 824; x_wconf 92' lang='lat' dir='ltr'><strong>M.</strong></span> <span class='ocrx_word' id='word_1_26' title='bbox 798 771 830 824; x_wconf 83' lang='lat' dir='ltr'><strong>et</strong></span> <span class='ocrx_word' id='word_1_27' title='bbox 846 760 1030 847; x_wconf 81' lang='lat' dir='ltr'><strong>Cantabrig.</strong></span> <span class='ocrx_word' id='word_1_28' title='bbox 1048 760 1177 847; x_wconf 84' lang='lat' dir='ltr'><strong>primus.</strong></span> <span class='ocrx_word' id='word_1_29' title='bbox 1221 758 1288 823; x_wconf 84' lang='lat' dir='ltr'><strong>Alii</strong></span> 
     </span>
    </p>

    <p class='ocr_par' dir='ltr' id='par_1_3' title="bbox 190 859 494 946">
     <span class='ocr_line' id='line_1_5' title="bbox 190 859 494 946; baseline 0 -22"><span class='ocrx_word' id='word_1_30' title='bbox 190 859 318 946; x_wconf 87' lang='lat' dir='ltr'><strong>quidam</strong></span> <span class='ocrx_word' id='word_1_31' title='bbox 335 860 494 942; x_wconf 79' lang='grc' dir='ltr'>θέλγητρα.</span> 
     </span>
    </p>

    <p class='ocr_par' dir='ltr' id='par_1_4' title="bbox 189 961 1291 1955">
     <span class='ocr_line' id='line_1_6' title="bbox 233 961 1288 1046; baseline -0.001 -20"><span class='ocrx_word' id='word_1_32' title='bbox 233 963 397 1046; x_wconf 75' lang='grc' dir='ltr'>συνεδρίαι]</span> <span class='ocrx_word' id='word_1_33' title='bbox 424 961 628 1027; x_wconf 86' lang='lat' dir='ltr'><strong>Scribeudum</strong></span> <span class='ocrx_word' id='word_1_34' title='bbox 658 964 805 1044; x_wconf 73' lang='grc' dir='ltr'>ξυνεδρίαι</span> <span class='ocrx_word' id='word_1_35' title='bbox 822 985 894 1027; x_wconf 91' lang='lat' dir='ltr'><strong>cum</strong></span> <span class='ocrx_word' id='word_1_36' title='bbox 910 962 1080 1027; x_wconf 83' lang='lat' dir='ltr'><strong>Brunckio.</strong></span> <span class='ocrx_word' id='word_1_37' title='bbox 1116 962 1288 1027; x_wconf 85' lang='lat' dir='ltr'><strong>“Verbum</strong></span> 
     </span>
     <span class='ocr_line' id='line_1_7' title="bbox 190 1063 1289 1150; baseline 0 -22"><span class='ocrx_word' id='word_1_38' title='bbox 190 1076 238 1128; x_wconf 88' lang='lat' dir='ltr'><strong>est</strong></span> <span class='ocrx_word' id='word_1_39' title='bbox 260 1063 430 1150; x_wconf 84' lang='lat' dir='ltr'><strong>augurale;</strong></span> <span class='ocrx_word' id='word_1_40' title='bbox 454 1063 643 1127; x_wconf 84' lang='lat' dir='ltr'><strong>contrarium</strong></span> <span class='ocrx_word' id='word_1_41' title='bbox 669 1065 780 1145; x_wconf 85' lang='grc' dir='ltr'>διεδρία</span> <span class='ocrx_word' id='word_1_42' title='bbox 804 1063 937 1129; x_wconf 78' lang='lat' dir='ltr'><strong>Aristot.</strong></span> <span class='ocrx_word' id='word_1_43' title='bbox 959 1065 1045 1128; x_wconf 89' lang='lat' dir='ltr'><strong>Hist.</strong></span> <span class='ocrx_word' id='word_1_44' title='bbox 1070 1063 1179 1128; x_wconf 89' lang='lat' dir='ltr'><strong>Anim.</strong></span> <span class='ocrx_word' id='word_1_45' title='bbox 1202 1085 1233 1147; x_wconf 90' lang='lat'><strong>9,</strong></span> <span class='ocrx_word' id='word_1_46' title='bbox 1260 1085 1289 1128; x_wconf 88' lang='lat'><strong>1.</strong></span> 
     </span>
     <span class='ocr_line' id='line_1_8' title="bbox 191 1163 1291 1246; baseline 0.005 -17"><span class='ocrx_word' id='word_1_47' title='bbox 191 1164 251 1229; x_wconf 86' lang='lat' dir='ltr'><strong>sub</strong></span> <span class='ocrx_word' id='word_1_48' title='bbox 260 1167 342 1229; x_wconf 86' lang='lat' dir='ltr'><strong>med.</strong></span> <span class='ocrx_word' id='word_1_49' title='bbox 351 1172 414 1231; x_wconf 83' lang='grc' dir='ltr'>τοῖς</span> <span class='ocrx_word' id='word_1_50' title='bbox 422 1163 593 1246; x_wconf 74' lang='grc' dir='ltr'>ὠμοφάγοις</span> <span class='ocrx_word' id='word_1_51' title='bbox 602 1164 719 1228; x_wconf 77' lang='grc' dir='ltr'>ἅπαντα</span> <span class='ocrx_word' id='word_1_52' title='bbox 727 1171 862 1245; x_wconf 79' lang='grc' dir='ltr'>πολεμεῖ,</span> <span class='ocrx_word' id='word_1_53' title='bbox 873 1166 921 1230; x_wconf 79' lang='grc' dir='ltr'><strong>καὶ</strong></span> <span class='ocrx_word' id='word_1_54' title='bbox 928 1171 1021 1229; x_wconf 77' lang='grc' dir='ltr'>ταῦτα</span> <span class='ocrx_word' id='word_1_55' title='bbox 1029 1172 1091 1233; x_wconf 84' lang='grc' dir='ltr'>τοῖς</span> <span class='ocrx_word' id='word_1_56' title='bbox 1099 1167 1291 1234; x_wconf 64' lang='lat' dir='ltr'><strong>mois-</strong></span> 
     </span>
     <span class='ocr_line' id='line_1_9' title="bbox 190 1266 1288 1347; baseline 0 -17"><span class='ocrx_word' id='word_1_57' title='bbox 190 1268 261 1332; x_wconf 80' lang='grc' dir='ltr'>ὅθεν</span> <span class='ocrx_word' id='word_1_58' title='bbox 283 1268 403 1334; x_wconf 72' lang='grc' dir='ltr'>καὶτὰς</span> <span class='ocrx_word' id='word_1_59' title='bbox 424 1267 551 1347; x_wconf 80' lang='grc' dir='ltr'>διεὸρίας</span> <span class='ocrx_word' id='word_1_60' title='bbox 575 1266 693 1333; x_wconf 80' lang='grc' dir='ltr'>καὶτὰς</span> <span class='ocrx_word' id='word_1_61' title='bbox 718 1268 873 1347; x_wconf 81' lang='grc' dir='ltr'>συνεδρίας</span> <span class='ocrx_word' id='word_1_62' title='bbox 896 1269 925 1330; x_wconf 83' lang='grc' dir='ltr'><strong>οἱ</strong></span> <span class='ocrx_word' id='word_1_63' title='bbox 947 1266 1068 1347; x_wconf 84' lang='grc' dir='ltr'>μάντεις</span> <span class='ocrx_word' id='word_1_64' title='bbox 1087 1267 1288 1347; x_wconf 84' lang='grc' dir='ltr'>λαμβάνουσι.</span> 
     </span>
     <span class='ocr_line' id='line_1_10' title="bbox 190 1366 1291 1450; baseline 0.002 -17"><span class='ocrx_word' id='word_1_65' title='bbox 190 1371 291 1450; x_wconf 83' lang='grc' dir='ltr'>δίεδρα</span> <span class='ocrx_word' id='word_1_66' title='bbox 311 1370 367 1448; x_wconf 72' lang='grc' dir='ltr'>μὶν</span> <span class='ocrx_word' id='word_1_67' title='bbox 380 1371 419 1432; x_wconf 73' lang='grc' dir='ltr'><strong>τὰ</strong></span> <span class='ocrx_word' id='word_1_68' title='bbox 438 1367 568 1447; x_wconf 73' lang='grc' dir='ltr'>πολέμια</span> <span class='ocrx_word' id='word_1_69' title='bbox 585 1366 726 1434; x_wconf 70' lang='grc' dir='ltr'>τιθέντες·</span> <span class='ocrx_word' id='word_1_70' title='bbox 751 1366 880 1448; x_wconf 79' lang='grc' dir='ltr'>σθυεδρα</span> <span class='ocrx_word' id='word_1_71' title='bbox 898 1370 931 1431; x_wconf 63' lang='grc' dir='ltr'><strong>δὲ</strong></span> <span class='ocrx_word' id='word_1_72' title='bbox 953 1372 990 1433; x_wconf 77' lang='grc' dir='ltr'><strong>τὸ</strong></span> <span class='ocrx_word' id='word_1_73' title='bbox 1011 1371 1198 1450; x_wconf 81' lang='grc' dir='ltr'>είρηνειίοντα</span> <span class='ocrx_word' id='word_1_74' title='bbox 1217 1367 1291 1450; x_wconf 83' lang='grc' dir='ltr'>πρὸς</span> 
     </span>
     <span class='ocr_line' id='line_1_11' title="bbox 190 1467 1290 1553; baseline -0.001 -18"><span class='ocrx_word' id='word_1_75' title='bbox 190 1471 320 1548; x_wconf 85' lang='grc' dir='ltr'>άλληλα.</span> <span class='ocrx_word' id='word_1_76' title='bbox 358 1467 477 1532; x_wconf 81' lang='lat' dir='ltr'><strong>AElian.</strong></span> <span class='ocrx_word' id='word_1_77' title='bbox 501 1470 543 1532; x_wconf 93' lang='lat' dir='ltr'><strong>N.</strong></span> <span class='ocrx_word' id='word_1_78' title='bbox 564 1469 607 1531; x_wconf 85' lang='lat' dir='ltr'><strong>A.</strong></span> <span class='ocrx_word' id='word_1_79' title='bbox 633 1488 662 1546; x_wconf 89' lang='lat'><strong>1,</strong></span> <span class='ocrx_word' id='word_1_80' title='bbox 689 1468 744 1550; x_wconf 87' lang='lat'><strong>48.</strong></span> <span class='ocrx_word' id='word_1_81' title='bbox 767 1471 937 1535; x_wconf 85' lang='grc' dir='ltr'>ὀττεύονται</span> <span class='ocrx_word' id='word_1_82' title='bbox 959 1470 1035 1552; x_wconf 70' lang='grc' dir='ltr'>πρὸς</span> <span class='ocrx_word' id='word_1_83' title='bbox 1057 1470 1112 1549; x_wconf 86' lang='grc' dir='ltr'>τῆν</span> <span class='ocrx_word' id='word_1_84' title='bbox 1136 1470 1290 1553; x_wconf 81' lang='grc' dir='ltr'>(κόρακος)</span> 
     </span>
     <span class='ocr_line' id='line_1_12' title="bbox 189 1569 1291 1654; baseline 0 -20"><span class='ocrx_word' id='word_1_85' title='bbox 189 1570 270 1651; x_wconf 76' lang='grc' dir='ltr'>βοὴν</span> <span class='ocrx_word' id='word_1_86' title='bbox 283 1572 313 1635; x_wconf 82' lang='lat' dir='ltr'><strong>ol</strong></span> <span class='ocrx_word' id='word_1_87' title='bbox 327 1569 478 1635; x_wconf 71' lang='grc' dir='ltr'>συνιέντες</span> <span class='ocrx_word' id='word_1_88' title='bbox 492 1569 619 1650; x_wconf 80' lang='grc' dir='ltr'>ὀρνίθων</span> <span class='ocrx_word' id='word_1_89' title='bbox 636 1570 684 1632; x_wconf 75' lang='grc' dir='ltr'><strong>καί</strong></span> <span class='ocrx_word' id='word_1_90' title='bbox 704 1569 790 1650; x_wconf 76' lang='grc' dir='ltr'>ἔδρας</span> <span class='ocrx_word' id='word_1_91' title='bbox 812 1572 861 1635; x_wconf 81' lang='grc' dir='ltr'><strong>καὶ</strong></span> <span class='ocrx_word' id='word_1_92' title='bbox 877 1575 1011 1654; x_wconf 77' lang='grc' dir='ltr'>κλαγγὸς</span> <span class='ocrx_word' id='word_1_93' title='bbox 1033 1573 1080 1636; x_wconf 74' lang='grc' dir='ltr'><strong>καὶ</strong></span> <span class='ocrx_word' id='word_1_94' title='bbox 1098 1571 1220 1650; x_wconf 80' lang='grc' dir='ltr'>πτήσεις</span> <span class='ocrx_word' id='word_1_95' title='bbox 1240 1570 1291 1634; x_wconf 79' lang='grc' dir='ltr'><strong>οὐ·</strong></span> 
     </span>
     <span class='ocr_line' id='line_1_13' title="bbox 191 1669 1291 1760; baseline 0 -26"><span class='ocrx_word' id='word_1_96' title='bbox 191 1676 259 1736; x_wconf 74' lang='grc' dir='ltr'>τῶν.</span> <span class='ocrx_word' id='word_1_97' title='bbox 281 1670 356 1736; x_wconf 88' lang='lat' dir='ltr'><strong>add.</strong></span> <span class='ocrx_word' id='word_1_98' title='bbox 378 1691 413 1756; x_wconf 86' lang='lat'><strong>3,</strong></span> <span class='ocrx_word' id='word_1_99' title='bbox 432 1692 464 1756; x_wconf 89' lang='lat'><strong>9.</strong></span> <span class='ocrx_word' id='word_1_100' title='bbox 484 1685 517 1735; x_wconf 93' lang='lat' dir='ltr'><strong>et</strong></span> <span class='ocrx_word' id='word_1_101' title='bbox 538 1671 570 1749; x_wconf 91' lang='lat'><strong>8,</strong></span> <span class='ocrx_word' id='word_1_102' title='bbox 589 1688 620 1754; x_wconf 83' lang='lat'><strong>5.</strong></span> <span class='ocrx_word' id='word_1_103' title='bbox 638 1669 712 1734; x_wconf 86' lang='lat' dir='ltr'><strong>hinc</strong></span> <span class='ocrx_word' id='word_1_104' title='bbox 734 1673 816 1754; x_wconf 78' lang='grc' dir='ltr'>ὅρνις</span> <span class='ocrx_word' id='word_1_105' title='bbox 836 1673 890 1737; x_wconf 74' lang='grc' dir='ltr'><strong>οὐκ</strong></span> <span class='ocrx_word' id='word_1_106' title='bbox 912 1676 1030 1756; x_wconf 78' lang='grc' dir='ltr'>εὕεὸρος</span> <span class='ocrx_word' id='word_1_107' title='bbox 1048 1672 1135 1760; x_wconf 88' lang='lat' dir='ltr'><strong>apud</strong></span> <span class='ocrx_word' id='word_1_108' title='bbox 1156 1670 1291 1737; x_wconf 90' lang='lat' dir='ltr'><strong>eundem</strong></span> 
     </span>
     <span class='ocr_line' id='line_1_14' title="bbox 196 1772 1289 1861; baseline 0.002 -25"><span class='ocrx_word' id='word_1_109' title='bbox 196 1774 246 1850; x_wconf 82' lang='lat'><strong>16,</strong></span> <span class='ocrx_word' id='word_1_110' title='bbox 265 1775 313 1837; x_wconf 86' lang='lat'><strong>16.</strong></span> <span class='ocrx_word' id='word_1_111' title='bbox 327 1795 392 1859; x_wconf 93' lang='lat' dir='ltr'><strong>quo</strong></span> <span class='ocrx_word' id='word_1_112' title='bbox 406 1788 437 1837; x_wconf 92' lang='lat' dir='ltr'><strong>et</strong></span> <span class='ocrx_word' id='word_1_113' title='bbox 458 1772 595 1859; x_wconf 84' lang='lat' dir='ltr'>pertinet</span> <span class='ocrx_word' id='word_1_114' title='bbox 616 1773 744 1854; x_wconf 74' lang='grc' dir='ltr'>ἔξεδρος.</span> <span class='ocrx_word' id='word_1_115' title='bbox 767 1773 831 1838; x_wconf 88' lang='lat' dir='ltr'><strong>vid.</strong></span> <span class='ocrx_word' id='word_1_116' title='bbox 848 1775 968 1861; x_wconf 89' lang='lat' dir='ltr'><strong>Spanh.</strong></span> <span class='ocrx_word' id='word_1_117' title='bbox 982 1775 1023 1840; x_wconf 90' lang='lat' dir='ltr'><strong>ad</strong></span> <span class='ocrx_word' id='word_1_118' title='bbox 1040 1774 1164 1839; x_wconf 87' lang='lat' dir='ltr'><strong>Callim.</strong></span> <span class='ocrx_word' id='word_1_119' title='bbox 1180 1773 1289 1861; x_wconf 85' lang='lat' dir='ltr'><strong>hymn.</strong></span> 
     </span>
     <span class='ocr_line' id='line_1_15' title="bbox 191 1872 782 1955; baseline -0.002 -17"><span class='ocrx_word' id='word_1_120' title='bbox 191 1872 223 1937; x_wconf 95' lang='lat' dir='ltr'><strong>in</strong></span> <span class='ocrx_word' id='word_1_121' title='bbox 240 1873 364 1938; x_wconf 79' lang='lat' dir='ltr'><strong>Pallad.</strong></span> <span class='ocrx_word' id='word_1_122' title='bbox 381 1895 426 1937; x_wconf 86' lang='lat' dir='ltr'><strong>vs.</strong></span> <span class='ocrx_word' id='word_1_123' title='bbox 442 1875 530 1955; x_wconf 60' lang='grc' dir='ltr'><strong>ιαμἭ</strong></span> <span class='ocrx_word' id='word_1_124' title='bbox 551 1874 782 1937; x_wconf 86' lang='lat' dir='ltr'><strong>ABRESCH.</strong></span> 
     </span>
    </p>

    <p class='ocr_par' dir='ltr' id='par_1_5' title="bbox 179 1973 1293 3483">
     <span class='ocr_line' id='line_1_16' title="bbox 235 1973 1292 2060; baseline 0.002 -22"><span class='ocrx_word' id='word_1_125' title='bbox 235 1990 311 2060; x_wconf 75' lang='grc'><strong>495.</strong></span> <span class='ocrx_word' id='word_1_126' title='bbox 324 1979 419 2059; x_wconf 80' lang='grc' dir='ltr'>χολῆς</span> <span class='ocrx_word' id='word_1_127' title='bbox 433 1981 532 2054; x_wconf 75' lang='grc' dir='ltr'>λοβοῦ</span> <span class='ocrx_word' id='word_1_128' title='bbox 546 1999 580 2039; x_wconf 87' lang='grc' dir='ltr'><strong>τε</strong></span> <span class='ocrx_word' id='word_1_129' title='bbox 592 1975 731 2055; x_wconf 75' lang='grc' dir='ltr'>ποικίλην</span> <span class='ocrx_word' id='word_1_130' title='bbox 746 1975 922 2060; x_wconf 73' lang='grc' dir='ltr'>εὐμορφίαν]</span> <span class='ocrx_word' id='word_1_131' title='bbox 942 1977 1042 2041; x_wconf 74' lang='lat' dir='ltr'><strong>Follis</strong></span> <span class='ocrx_word' id='word_1_132' title='bbox 1056 1976 1150 2043; x_wconf 77' lang='lat' dir='ltr'><strong>etiam</strong></span> <span class='ocrx_word' id='word_1_133' title='bbox 1170 1986 1200 2040; x_wconf 74' lang='lat' dir='ltr'><strong>et</strong></span> <span class='ocrx_word' id='word_1_134' title='bbox 1210 1973 1292 2060; x_wconf 81' lang='lat' dir='ltr'><strong>jeci·</strong></span> 
     </span>
     <span class='ocr_line' id='line_1_17' title="bbox 193 2074 1293 2163; baseline -0.002 -22"><span class='ocrx_word' id='word_1_135' title='bbox 193 2078 282 2141; x_wconf 67' lang='lat' dir='ltr'><strong>&#39;soris</strong></span> <span class='ocrx_word' id='word_1_136' title='bbox 302 2077 430 2140; x_wconf 74' lang='lat' dir='ltr'><strong>variam</strong></span> <span class='ocrx_word' id='word_1_137' title='bbox 452 2074 593 2140; x_wconf 68' lang='lat' dir='ltr'><strong>hobitum</strong></span> <span class='ocrx_word' id='word_1_138' title='bbox 613 2084 643 2139; x_wconf 75' lang='lat' dir='ltr'><strong>et</strong></span> <span class='ocrx_word' id='word_1_139' title='bbox 664 2075 816 2149; x_wconf 67' lang='lat' dir='ltr'><strong>colorem</strong></span> <span class='ocrx_word' id='word_1_140' title='bbox 839 2076 890 2141; x_wconf 89' lang='lat' dir='ltr'><strong>hio</strong></span> <span class='ocrx_word' id='word_1_141' title='bbox 913 2077 996 2141; x_wconf 90' lang='lat' dir='ltr'><strong>idem</strong></span> <span class='ocrx_word' id='word_1_142' title='bbox 1021 2077 1109 2163; x_wconf 91' lang='lat' dir='ltr'><strong>quod</strong></span> <span class='ocrx_word' id='word_1_143' title='bbox 1133 2075 1293 2140; x_wconf 85' lang='lat' dir='ltr'><strong>versiculis</strong></span> 
     </span>
     <span class='ocr_line' id='line_1_18' title="bbox 179 2176 1293 2267; baseline 0 -26"><span class='ocrx_word' id='word_1_144' title='bbox 179 2176 318 2242; x_wconf 80' lang='lat' dir='ltr'><strong>¹duobus</strong></span> <span class='ocrx_word' id='word_1_145' title='bbox 330 2176 585 2241; x_wconf 74' lang='lat' dir='ltr'>antecedentibus</span> <span class='ocrx_word' id='word_1_146' title='bbox 597 2177 769 2263; x_wconf 78' lang='lat' dir='ltr'>generatim</span> <span class='ocrx_word' id='word_1_147' title='bbox 785 2177 919 2258; x_wconf 80' lang='lat' dir='ltr'><strong>dixerat,</strong></span> <span class='ocrx_word' id='word_1_148' title='bbox 933 2178 974 2242; x_wconf 91' lang='lat' dir='ltr'><strong>ad</strong></span> <span class='ocrx_word' id='word_1_149' title='bbox 991 2178 1150 2267; x_wconf 81' lang='lat' dir='ltr'>propriam</span> <span class='ocrx_word' id='word_1_150' title='bbox 1165 2176 1247 2240; x_wconf 85' lang='lat' dir='ltr'><strong>fellis</strong></span> <span class='ocrx_word' id='word_1_151' title='bbox 1261 2191 1293 2241; x_wconf 91' lang='lat' dir='ltr'><strong>et</strong></span> 
     </span>
     <span class='ocr_line' id='line_1_19' title="bbox 187 2278 1291 2367; baseline -0.001 -24"><span class='ocrx_word' id='word_1_152' title='bbox 187 2278 302 2365; x_wconf 85' lang='lat' dir='ltr'><strong>jeooris</strong></span> <span class='ocrx_word' id='word_1_153' title='bbox 323 2298 466 2343; x_wconf 78' lang='lat' dir='ltr'><strong>uatumm</strong></span> <span class='ocrx_word' id='word_1_154' title='bbox 487 2279 652 2352; x_wconf 69' lang='lat' dir='ltr'><strong>transfem</strong></span> <span class='ocrx_word' id='word_1_155' title='bbox 677 2279 859 2367; x_wconf 83' lang='lat' dir='ltr'><strong>haruspices</strong></span> <span class='ocrx_word' id='word_1_156' title='bbox 877 2280 959 2343; x_wconf 90' lang='lat' dir='ltr'><strong>enim</strong></span> <span class='ocrx_word' id='word_1_157' title='bbox 983 2293 1126 2343; x_wconf 83' lang='lat' dir='ltr'><strong>accurate</strong></span> <span class='ocrx_word' id='word_1_158' title='bbox 1147 2279 1291 2342; x_wconf 85' lang='lat' dir='ltr'><strong>observa-</strong></span> 
     </span>
     <span class='ocr_line' id='line_1_20' title="bbox 192 2379 1292 2467; baseline 0 -23"><span class='ocrx_word' id='word_1_159' title='bbox 192 2379 282 2458; x_wconf 81' lang='lat' dir='ltr'><strong>bant,</strong></span> <span class='ocrx_word' id='word_1_160' title='bbox 295 2403 369 2466; x_wconf 79' lang='lat' dir='ltr'><strong>quoe</strong></span> <span class='ocrx_word' id='word_1_161' title='bbox 384 2380 576 2467; x_wconf 80' lang='lat' dir='ltr'><strong>parsjeooris</strong></span> <span class='ocrx_word' id='word_1_162' title='bbox 589 2380 725 2458; x_wconf 83' lang='lat' dir='ltr'><strong>inimica,</strong></span> <span class='ocrx_word' id='word_1_163' title='bbox 736 2403 810 2466; x_wconf 82' lang='lat' dir='ltr'><strong>quae</strong></span> <span class='ocrx_word' id='word_1_164' title='bbox 831 2402 904 2467; x_wconf 86' lang='lat' dir='ltr'><strong>pars</strong></span> <span class='ocrx_word' id='word_1_165' title='bbox 921 2380 1081 2446; x_wconf 83' lang='lat' dir='ltr'><strong>familiaris</strong></span> <span class='ocrx_word' id='word_1_166' title='bbox 1099 2395 1188 2458; x_wconf 85' lang='lat' dir='ltr'><strong>esset,</strong></span> <span class='ocrx_word' id='word_1_167' title='bbox 1205 2379 1292 2465; x_wconf 93' lang='lat' dir='ltr'><strong>quod</strong></span> 
     </span>
     <span class='ocr_line' id='line_1_21' title="bbox 192 2482 1293 2571; baseline 0.001 -25"><span class='ocrx_word' id='word_1_168' title='bbox 192 2483 299 2547; x_wconf 82' lang='lat' dir='ltr'><strong>lissum</strong></span> <span class='ocrx_word' id='word_1_169' title='bbox 313 2483 497 2570; x_wconf 84' lang='lat' dir='ltr'><strong>periculum,</strong></span> <span class='ocrx_word' id='word_1_170' title='bbox 513 2482 600 2571; x_wconf 91' lang='lat' dir='ltr'><strong>quod</strong></span> <span class='ocrx_word' id='word_1_171' title='bbox 619 2483 818 2548; x_wconf 90' lang='lat' dir='ltr'><strong>commodum</strong></span> <span class='ocrx_word' id='word_1_172' title='bbox 833 2483 961 2570; x_wconf 83' lang='lat' dir='ltr'><strong>aliquod</strong></span> <span class='ocrx_word' id='word_1_173' title='bbox 976 2482 1171 2556; x_wconf 68' lang='lat' dir='ltr'><strong>ostenden-en</strong></span> <span class='ocrx_word' id='word_1_174' title='bbox 1195 2496 1293 2568; x_wconf 85' lang='lat' dir='ltr'><strong>caput</strong></span> 
     </span>
     <span class='ocr_line' id='line_1_22' title="bbox 188 2583 1293 2672; baseline -0.002 -23"><span class='ocrx_word' id='word_1_175' title='bbox 188 2584 302 2670; x_wconf 83' lang='lat' dir='ltr'><strong>jeooris</strong></span> <span class='ocrx_word' id='word_1_176' title='bbox 311 2608 351 2649; x_wconf 87' lang='lat' dir='ltr'><strong>ex</strong></span> <span class='ocrx_word' id='word_1_177' title='bbox 362 2584 448 2649; x_wconf 90' lang='lat' dir='ltr'><strong>omui</strong></span> <span class='ocrx_word' id='word_1_178' title='bbox 462 2598 552 2672; x_wconf 84' lang='lat' dir='ltr'><strong>parte</strong></span> <span class='ocrx_word' id='word_1_179' title='bbox 566 2583 801 2671; x_wconf 75' lang='lat' dir='ltr'><strong>diligentissime</strong></span> <span class='ocrx_word' id='word_1_180' title='bbox 812 2585 1064 2663; x_wconf 77' lang='lat' dir='ltr'><strong>considerabant,</strong></span> <span class='ocrx_word' id='word_1_181' title='bbox 1079 2607 1118 2648; x_wconf 90' lang='lat' dir='ltr'><strong>an</strong></span> <span class='ocrx_word' id='word_1_182' title='bbox 1139 2583 1255 2648; x_wconf 84' lang='lat' dir='ltr'><strong>scilieet</strong></span> <span class='ocrx_word' id='word_1_183' title='bbox 1273 2605 1293 2648; x_wconf 82' lang='grc' dir='ltr'>α</span> 
     </span>
     <span class='ocr_line' id='line_1_23' title="bbox 192 2684 1291 2774; baseline -0.002 -24"><span class='ocrx_word' id='word_1_184' title='bbox 192 2689 295 2751; x_wconf 84' lang='lat' dir='ltr'><strong>cultro</strong></span> <span class='ocrx_word' id='word_1_185' title='bbox 315 2687 424 2752; x_wconf 77' lang='lat' dir='ltr'><strong>lasum</strong></span> <span class='ocrx_word' id='word_1_186' title='bbox 449 2701 541 2764; x_wconf 87' lang='lat' dir='ltr'><strong>esset,</strong></span> <span class='ocrx_word' id='word_1_187' title='bbox 564 2685 613 2751; x_wconf 81' lang='lat' dir='ltr'><strong>vel</strong></span> <span class='ocrx_word' id='word_1_188' title='bbox 635 2688 726 2774; x_wconf 81' lang='lat' dir='ltr'><strong>plane</strong></span> <span class='ocrx_word' id='word_1_189' title='bbox 745 2686 878 2751; x_wconf 85' lang='lat' dir='ltr'><strong>abesset.</strong></span> <span class='ocrx_word' id='word_1_190' title='bbox 924 2689 1066 2752; x_wconf 84' lang='lat' dir='ltr'><strong>Centena</strong></span> <span class='ocrx_word' id='word_1_191' title='bbox 1083 2684 1157 2751; x_wconf 88' lang='lat' dir='ltr'><strong>talia</strong></span> <span class='ocrx_word' id='word_1_192' title='bbox 1182 2687 1230 2749; x_wconf 86' lang='lat' dir='ltr'><strong>vel</strong></span> <span class='ocrx_word' id='word_1_193' title='bbox 1252 2706 1291 2749; x_wconf 90' lang='lat' dir='ltr'><strong>ex</strong></span> 
     </span>
     <span class='ocr_line' id='line_1_24' title="bbox 193 2786 1291 2876; baseline -0.002 -24"><span class='ocrx_word' id='word_1_194' title='bbox 193 2810 257 2852; x_wconf 90' lang='lat' dir='ltr'><strong>uno</strong></span> <span class='ocrx_word' id='word_1_195' title='bbox 271 2788 361 2853; x_wconf 65' lang='lat' dir='ltr'><strong>«lulio</strong></span> <span class='ocrx_word' id='word_1_196' title='bbox 380 2789 582 2876; x_wconf 85' lang='lat' dir='ltr'><strong>Obsequente</strong></span> <span class='ocrx_word' id='word_1_197' title='bbox 599 2786 795 2874; x_wconf 79' lang='lat' dir='ltr'><strong>antiquitatis</strong></span> <span class='ocrx_word' id='word_1_198' title='bbox 816 2787 948 2854; x_wconf 86' lang='lat' dir='ltr'><strong>studiosi</strong></span> <span class='ocrx_word' id='word_1_199' title='bbox 968 2802 1166 2874; x_wconf 80' lang='lat' dir='ltr'><strong>cognoscent.</strong></span> <span class='ocrx_word' id='word_1_200' title='bbox 1190 2788 1291 2851; x_wconf 91' lang='lat' dir='ltr'><strong>SCH.</strong></span> 
     </span>
     <span class='ocr_line' id='line_1_25' title="bbox 193 2888 1293 2978; baseline -0.002 -24"><span class='ocrx_word' id='word_1_201' title='bbox 193 2890 227 2954; x_wconf 86' lang='lat' dir='ltr'><strong>Si</strong></span> <span class='ocrx_word' id='word_1_202' title='bbox 242 2891 338 2971; x_wconf 85' lang='grc' dir='ltr'>λοβὸς</span> <span class='ocrx_word' id='word_1_203' title='bbox 351 2889 464 2970; x_wconf 81' lang='lat' dir='ltr'><strong>defuit,</strong></span> <span class='ocrx_word' id='word_1_204' title='bbox 479 2890 653 2978; x_wconf 85' lang='lat' dir='ltr'><strong>auspicium</strong></span> <span class='ocrx_word' id='word_1_205' title='bbox 667 2889 776 2954; x_wconf 81' lang='lat' dir='ltr'><strong>infelix</strong></span> <span class='ocrx_word' id='word_1_206' title='bbox 790 2889 862 2954; x_wconf 81' lang='lat' dir='ltr'><strong>fuit.</strong></span> <span class='ocrx_word' id='word_1_207' title='bbox 882 2888 997 2976; x_wconf 84' lang='lat' dir='ltr'><strong>Eun‘p.</strong></span> <span class='ocrx_word' id='word_1_208' title='bbox 1008 2888 1127 2953; x_wconf 86' lang='lat' dir='ltr'><strong>Electr.</strong></span> <span class='ocrx_word' id='word_1_209' title='bbox 1139 2889 1211 2956; x_wconf 84' lang='lat'><strong>826.</strong></span> <span class='ocrx_word' id='word_1_210' title='bbox 1228 2890 1293 2971; x_wconf 70' lang='grc' dir='ltr'><strong>ἱερὰ</strong></span> 
     </span>
     <span class='ocr_line' id='line_1_26' title="bbox 191 2989 1292 3074; baseline -0.002 -19"><span class='ocrx_word' id='word_1_211' title='bbox 191 2990 218 3055; x_wconf 79' lang='grc' dir='ltr'><strong>δ’</strong></span> <span class='ocrx_word' id='word_1_212' title='bbox 242 2993 286 3058; x_wconf 86' lang='grc' dir='ltr'>είς</span> <span class='ocrx_word' id='word_1_213' title='bbox 313 2996 417 3074; x_wconf 76' lang='grc' dir='ltr'>χεῖρας</span> <span class='ocrx_word' id='word_1_214' title='bbox 440 2994 548 3071; x_wconf 76' lang='grc' dir='ltr'>λαβὼν</span> <span class='ocrx_word' id='word_1_215' title='bbox 572 2994 715 3074; x_wconf 81' lang='grc' dir='ltr'>Αίγισθος</span> <span class='ocrx_word' id='word_1_216' title='bbox 736 2991 830 3073; x_wconf 82' lang='grc' dir='ltr'>ἤθρει,</span> <span class='ocrx_word' id='word_1_217' title='bbox 857 2990 905 3054; x_wconf 72' lang='grc' dir='ltr'><strong>καὶ</strong></span> <span class='ocrx_word' id='word_1_218' title='bbox 929 2989 1026 3069; x_wconf 85' lang='grc' dir='ltr'>λοβὸς</span> <span class='ocrx_word' id='word_1_219' title='bbox 1053 2992 1110 3070; x_wconf 73' lang='grc' dir='ltr'>μὶν</span> <span class='ocrx_word' id='word_1_220' title='bbox 1135 2991 1171 3054; x_wconf 78' lang='grc' dir='ltr'><strong>οὐ</strong></span> <span class='ocrx_word' id='word_1_221' title='bbox 1194 2993 1292 3071; x_wconf 83' lang='grc' dir='ltr'>παρῆν</span> 
     </span>
     <span class='ocr_line' id='line_1_27' title="bbox 191 3089 1292 3176; baseline -0.002 -20"><span class='ocrx_word' id='word_1_222' title='bbox 191 3092 389 3175; x_wconf 85' lang='grc' dir='ltr'>σπλάγχνοις.</span> <span class='ocrx_word' id='word_1_223' title='bbox 409 3095 503 3158; x_wconf 76' lang='grc' dir='ltr'>πάλαι</span> <span class='ocrx_word' id='word_1_224' title='bbox 522 3095 555 3157; x_wconf 74' lang='grc' dir='ltr'><strong>δὲ</strong></span> <span class='ocrx_word' id='word_1_225' title='bbox 579 3094 627 3157; x_wconf 76' lang='grc' dir='ltr'><strong>καί</strong></span> <span class='ocrx_word' id='word_1_226' title='bbox 647 3092 735 3176; x_wconf 80' lang='grc' dir='ltr'>δοχαὶ</span> <span class='ocrx_word' id='word_1_227' title='bbox 756 3096 852 3176; x_wconf 84' lang='grc' dir='ltr'>χολῆς</span> <span class='ocrx_word' id='word_1_228' title='bbox 872 3089 969 3158; x_wconf 73' lang='grc' dir='ltr'>πέλας</span> <span class='ocrx_word' id='word_1_229' title='bbox 992 3094 1082 3157; x_wconf 76' lang='grc' dir='ltr'>κακὸς</span> <span class='ocrx_word' id='word_1_230' title='bbox 1105 3090 1232 3173; x_wconf 74' lang='grc' dir='ltr'>ἔφαινον</span> <span class='ocrx_word' id='word_1_231' title='bbox 1252 3093 1292 3176; x_wconf 75' lang='grc' dir='ltr'><strong>τῷ</strong></span> 
     </span>
     <span class='ocr_line' id='line_1_28' title="bbox 190 3191 1291 3280; baseline -0.005 -21"><span class='ocrx_word' id='word_1_232' title='bbox 190 3200 352 3259; x_wconf 73' lang='grc' dir='ltr'>σκοποῦντι</span> <span class='ocrx_word' id='word_1_233' title='bbox 375 3194 560 3276; x_wconf 80' lang='grc' dir='ltr'>προσβολάς.</span> <span class='ocrx_word' id='word_1_234' title='bbox 607 3193 697 3258; x_wconf 86' lang='lat' dir='ltr'><strong>Inter</strong></span> <span class='ocrx_word' id='word_1_235' title='bbox 724 3192 870 3280; x_wconf 79' lang='lat' dir='ltr'><strong>prodigia</strong></span> <span class='ocrx_word' id='word_1_236' title='bbox 897 3191 940 3257; x_wconf 80' lang='lat' dir='ltr'><strong>ab</strong></span> <span class='ocrx_word' id='word_1_237' title='bbox 967 3191 1058 3255; x_wconf 79' lang='lat' dir='ltr'><strong>lulio</strong></span> <span class='ocrx_word' id='word_1_238' title='bbox 1088 3192 1291 3278; x_wconf 91' lang='lat' dir='ltr'><strong>Obsequente</strong></span> 
     </span>
     <span class='ocr_line' id='line_1_29' title="bbox 191 3293 1291 3382; baseline -0.002 -23"><span class='ocrx_word' id='word_1_239' title='bbox 191 3310 361 3360; x_wconf 78' lang='lat' dir='ltr'><strong>memorata</strong></span> <span class='ocrx_word' id='word_1_240' title='bbox 373 3295 433 3361; x_wconf 85' lang='lat' dir='ltr'><strong>hoe</strong></span> <span class='ocrx_word' id='word_1_241' title='bbox 447 3295 541 3361; x_wconf 84' lang='lat' dir='ltr'><strong>etiam</strong></span> <span class='ocrx_word' id='word_1_242' title='bbox 556 3309 714 3374; x_wconf 84' lang='lat' dir='ltr'><strong>narratur,</strong></span> <span class='ocrx_word' id='word_1_243' title='bbox 725 3317 822 3382; x_wconf 81' lang='lat' dir='ltr'><strong>quum</strong></span> <span class='ocrx_word' id='word_1_244' title='bbox 838 3295 1051 3358; x_wconf 75' lang='lat' dir='ltr'><strong>immolassent</strong></span> <span class='ocrx_word' id='word_1_245' title='bbox 1062 3293 1207 3357; x_wconf 70' lang='lat' dir='ltr'><strong>victimas</strong></span> <span class='ocrx_word' id='word_1_246' title='bbox 1219 3315 1291 3357; x_wconf 83' lang='lat' dir='ltr'><strong>eon·</strong></span> 
     </span>
     <span class='ocr_line' id='line_1_30' title="bbox 191 3394 1118 3483; baseline -0.004 -22"><span class='ocrx_word' id='word_1_247' title='bbox 191 3396 387 3483; x_wconf 65' lang='lat' dir='ltr'><strong>sstlcnjecur</strong></span> <span class='ocrx_word' id='word_1_248' title='bbox 400 3396 553 3474; x_wconf 77' lang='grc' dir='ltr'>ανίαθνὶί,</span> <span class='ocrx_word' id='word_1_249' title='bbox 569 3419 600 3482; x_wconf 90' lang='lat' dir='ltr'><strong>p.</strong></span> <span class='ocrx_word' id='word_1_250' title='bbox 617 3412 670 3479; x_wconf 88' lang='lat'><strong>71.</strong></span> <span class='ocrx_word' id='word_1_251' title='bbox 685 3394 737 3459; x_wconf 88' lang='lat' dir='ltr'><strong>ed.</strong></span> <span class='ocrx_word' id='word_1_252' title='bbox 752 3396 795 3461; x_wconf 88' lang='lat' dir='ltr'><strong>R.</strong></span> <span class='ocrx_word' id='word_1_253' title='bbox 808 3394 917 3482; x_wconf 78' lang='lat' dir='ltr'><strong>steph.</strong></span> <span class='ocrx_word' id='word_1_254' title='bbox 942 3395 1118 3460; x_wconf 86' lang='lat' dir='ltr'><strong>BLOMF.</strong></span> 
     </span>
    </p>

    <p class='ocr_par' dir='ltr' id='par_1_6' title="bbox 235 3496 1114 3584">
     <span class='ocr_line' id='line_1_31' title="bbox 235 3496 1114 3584; baseline 0.001 -24"><span class='ocrx_word' id='word_1_255' title='bbox 235 3498 308 3579; x_wconf 87' lang='lat'><strong>496.</strong></span> <span class='ocrx_word' id='word_1_256' title='bbox 324 3499 410 3584; x_wconf 71' lang='grc' dir='ltr'>κνίσῃ</span> <span class='ocrx_word' id='word_1_257' title='bbox 426 3498 477 3560; x_wconf 94' lang='grc' dir='ltr'><strong>Μ.</strong></span> <span class='ocrx_word' id='word_1_258' title='bbox 501 3496 606 3583; x_wconf 86' lang='lat' dir='ltr'><strong>Vulgo</strong></span> <span class='ocrx_word' id='word_1_259' title='bbox 621 3498 739 3576; x_wconf 79' lang='grc' dir='ltr'>κνίσσῃ.</span> <span class='ocrx_word' id='word_1_260' title='bbox 1106 3534 1114 3542; x_wconf 86' lang='grc'><strong>-</strong></span> 
     </span>
    </p>

    <p class='ocr_par' dir='ltr' id='par_1_7' title="bbox 236 3597 1291 3685">
     <span class='ocr_line' id='line_1_32' title="bbox 236 3597 1291 3685; baseline 0.001 -25"><span class='ocrx_word' id='word_1_261' title='bbox 236 3597 500 3682; x_wconf 67' lang='grc' dir='ltr'>κνίση-θνητοὺς]</span> <span class='ocrx_word' id='word_1_262' title='bbox 515 3598 620 3661; x_wconf 76' lang='lat' dir='ltr'><strong>Porro</strong></span> <span class='ocrx_word' id='word_1_263' title='bbox 641 3618 700 3685; x_wconf 81' lang='lat' dir='ltr'><strong>ego</strong></span> <span class='ocrx_word' id='word_1_264' title='bbox 717 3598 855 3662; x_wconf 76' lang='grc' dir='ltr'>ποινάτα</span> <span class='ocrx_word' id='word_1_265' title='bbox 876 3620 901 3661; x_wconf 82' lang='lat' dir='ltr'><strong>s.</strong></span> <span class='ocrx_word' id='word_1_266' title='bbox 916 3617 989 3662; x_wconf 82' lang='lat' dir='ltr'><strong>ossa</strong></span> <span class='ocrx_word' id='word_1_267' title='bbox 1009 3598 1128 3662; x_wconf 79' lang='lat' dir='ltr'><strong>arvino</strong></span> <span class='ocrx_word' id='word_1_268' title='bbox 1148 3607 1291 3683; x_wconf 80' lang='lat' dir='ltr'><strong>cooperto</strong></span> 
     </span>
    </p>

    <p class='ocr_par' dir='ltr' id='par_1_8' title="bbox 192 3698 1288 3786">
     <span class='ocr_line' id='line_1_33' title="bbox 192 3698 1288 3786; baseline 0.004 -26"><span class='ocrx_word' id='word_1_269' title='bbox 192 3708 222 3763; x_wconf 79' lang='lat' dir='ltr'><strong>et</strong></span> <span class='ocrx_word' id='word_1_270' title='bbox 236 3698 376 3762; x_wconf 81' lang='lat' dir='ltr'><strong>lumbum</strong></span> <span class='ocrx_word' id='word_1_271' title='bbox 384 3699 517 3786; x_wconf 80' lang='lat' dir='ltr'><strong>longum</strong></span> <span class='ocrx_word' id='word_1_272' title='bbox 526 3700 732 3763; x_wconf 77' lang='grc' dir='ltr'>οοιιιθντιιιθο</span> <span class='ocrx_word' id='word_1_273' title='bbox 746 3698 799 3782; x_wconf 87' lang='lat' dir='ltr'><strong>(ef.</strong></span> <span class='ocrx_word' id='word_1_274' title='bbox 809 3702 942 3764; x_wconf 81' lang='lat' dir='ltr'><strong>Homer.</strong></span> <span class='ocrx_word' id='word_1_275' title='bbox 957 3698 1050 3764; x_wconf 87' lang='lat' dir='ltr'><strong>Iliad.</strong></span> <span class='ocrx_word' id='word_1_276' title='bbox 1066 3706 1104 3778; x_wconf 89' lang='grc' dir='ltr'><strong>Α,</strong></span> <span class='ocrx_word' id='word_1_277' title='bbox 1114 3703 1188 3781; x_wconf 90' lang='lat'><strong>460.</strong></span> <span class='ocrx_word' id='word_1_278' title='bbox 1197 3703 1256 3780; x_wconf 85' lang='lat'><strong>461</strong></span> <span class='ocrx_word' id='word_1_279' title='bbox 1266 3703 1288 3782; x_wconf 64' lang='grc' dir='ltr'><strong>ς)</strong></span> 
     </span>
    </p>

    <p class='ocr_par' dir='ltr' id='par_1_9' title="bbox 191 3799 1289 3885">
     <span class='ocr_line' id='line_1_34' title="bbox 191 3799 1289 3885; baseline 0.003 -23"><span class='ocrx_word' id='word_1_280' title='bbox 191 3802 236 3862; x_wconf 83' lang='lat' dir='ltr'><strong>od</strong></span> <span class='ocrx_word' id='word_1_281' title='bbox 247 3807 348 3862; x_wconf 77' lang='grc' dir='ltr'>ανίιια</span> <span class='ocrx_word' id='word_1_282' title='bbox 362 3799 519 3885; x_wconf 56' lang='lat' dir='ltr'><strong>difficilem</strong></span> <span class='ocrx_word' id='word_1_283' title='bbox 533 3802 619 3863; x_wconf 83' lang='lat' dir='ltr'><strong>viam</strong></span> <span class='ocrx_word' id='word_1_284' title='bbox 632 3803 809 3864; x_wconf 75' lang='lat' dir='ltr'><strong>monstravi</strong></span> <span class='ocrx_word' id='word_1_285' title='bbox 824 3801 1010 3865; x_wconf 72' lang='lat' dir='ltr'><strong>hominibus.</strong></span> <span class='ocrx_word' id='word_1_286' title='bbox 1055 3801 1109 3865; x_wconf 86' lang='lat' dir='ltr'><strong>Ad</strong></span> <span class='ocrx_word' id='word_1_287' title='bbox 1126 3823 1190 3864; x_wconf 84' lang='lat' dir='ltr'><strong>rem</strong></span> <span class='ocrx_word' id='word_1_288' title='bbox 1206 3801 1289 3865; x_wconf 84' lang='lat' dir='ltr'><strong>illus-</strong></span> 
     </span>
    </p>

    <p class='ocr_par' dir='ltr' id='par_1_10' title="bbox 191 3900 1289 4472">
     <span class='ocr_line' id='line_1_35' title="bbox 193 3900 1289 3990; baseline 0.005 -26"><span class='ocrx_word' id='word_1_289' title='bbox 193 3900 334 3965; x_wconf 84' lang='lat' dir='ltr'><strong>tmndam</strong></span> <span class='ocrx_word' id='word_1_290' title='bbox 347 3900 503 3964; x_wconf 74' lang='lat' dir='ltr'><strong>Motellus</strong></span> <span class='ocrx_word' id='word_1_291' title='bbox 523 3900 672 3966; x_wconf 83' lang='lat' dir='ltr'><strong>excitavit</strong></span> <span class='ocrx_word' id='word_1_292' title='bbox 694 3901 855 3988; x_wconf 87' lang='lat' dir='ltr'><strong>sequentia</strong></span> <span class='ocrx_word' id='word_1_293' title='bbox 870 3901 1057 3990; x_wconf 85' lang='lat' dir='ltr'><strong>scriptorum</strong></span> <span class='ocrx_word' id='word_1_294' title='bbox 1072 3903 1156 3967; x_wconf 89' lang='lat' dir='ltr'><strong>loca:</strong></span> <span class='ocrx_word' id='word_1_295' title='bbox 1182 3905 1289 3969; x_wconf 86' lang='lat' dir='ltr'><strong>Senee.</strong></span> 
     </span>
     <span class='ocr_line' id='line_1_36' title="bbox 191 4001 840 4090; baseline 0 -25"><span class='ocrx_word' id='word_1_296' title='bbox 191 4001 304 4090; x_wconf 88' lang='lat' dir='ltr'><strong>OEdip.</strong></span> <span class='ocrx_word' id='word_1_297' title='bbox 318 4026 350 4066; x_wconf 91' lang='lat' dir='ltr'><strong>v.</strong></span> <span class='ocrx_word' id='word_1_298' title='bbox 364 4022 441 4087; x_wconf 83' lang='lat'>309,</span> <span class='ocrx_word' id='word_1_299' title='bbox 458 4002 513 4066; x_wconf 86' lang='lat' dir='ltr'><strong>ubi</strong></span> <span class='ocrx_word' id='word_1_300' title='bbox 528 4001 666 4066; x_wconf 85' lang='lat' dir='ltr'><strong>Tiresias</strong></span> <span class='ocrx_word' id='word_1_301' title='bbox 680 4002 840 4088; x_wconf 86' lang='lat' dir='ltr'><strong>loquitur:</strong></span> 
     </span>
     <span class='ocr_line' id='line_1_37' title="bbox 280 4105 941 4191; baseline 0.002 -23"><span class='ocrx_word' id='word_1_302' title='bbox 280 4105 437 4169; x_wconf 80' lang='lat' dir='ltr'><strong>Utrmnne</strong></span> <span class='ocrx_word' id='word_1_303' title='bbox 449 4105 557 4168; x_wconf 75' lang='lat' dir='ltr'><strong>clarus</strong></span> <span class='ocrx_word' id='word_1_304' title='bbox 571 4105 662 4191; x_wconf 74' lang='lat' dir='ltr'><strong>ignis</strong></span> <span class='ocrx_word' id='word_1_305' title='bbox 675 4113 706 4168; x_wconf 81' lang='lat' dir='ltr'><strong>ct</strong></span> <span class='ocrx_word' id='word_1_306' title='bbox 718 4105 841 4168; x_wconf 64' lang='lat' dir='ltr'><strong>nitidem</strong></span> <span class='ocrx_word' id='word_1_307' title='bbox 855 4107 941 4169; x_wconf 75' lang='lat' dir='ltr'><strong>stetit</strong></span> 
     </span>
     <span class='ocr_line' id='line_1_38' title="bbox 276 4206 907 4294; baseline 0.005 -25"><span class='ocrx_word' id='word_1_308' title='bbox 276 4217 439 4294; x_wconf 75' lang='lat' dir='ltr'><strong>rectusque</strong></span> <span class='ocrx_word' id='word_1_309' title='bbox 448 4229 568 4294; x_wconf 83' lang='grc' dir='ltr'>ρονυυι</span> <span class='ocrx_word' id='word_1_310' title='bbox 585 4208 730 4271; x_wconf 80' lang='lat' dir='ltr'><strong>verticem</strong></span> <span class='ocrx_word' id='word_1_311' title='bbox 744 4206 819 4272; x_wconf 85' lang='lat' dir='ltr'><strong>coelo</strong></span> <span class='ocrx_word' id='word_1_312' title='bbox 833 4209 907 4272; x_wconf 80' lang='lat' dir='ltr'><strong>tulit</strong></span> 
     </span>
     <span class='ocr_line' id='line_1_39' title="bbox 276 4308 1055 4394; baseline 0.001 -23"><span class='ocrx_word' id='word_1_313' title='bbox 276 4317 306 4372; x_wconf 81' lang='lat' dir='ltr'><strong>et</strong></span> <span class='ocrx_word' id='word_1_314' title='bbox 319 4330 474 4373; x_wconf 80' lang='lat' dir='ltr'><strong>summam</strong></span> <span class='ocrx_word' id='word_1_315' title='bbox 489 4309 525 4371; x_wconf 85' lang='lat' dir='ltr'><strong>in</strong></span> <span class='ocrx_word' id='word_1_316' title='bbox 539 4309 748 4394; x_wconf 73' lang='lat' dir='ltr'><strong>aurasfitsus</strong></span> <span class='ocrx_word' id='word_1_317' title='bbox 762 4308 911 4394; x_wconf 65' lang='lat' dir='ltr'><strong>explicuit</strong></span> <span class='ocrx_word' id='word_1_318' title='bbox 926 4330 1055 4388; x_wconf 83' lang='grc' dir='ltr'>σονινυι,</span> 
     </span>
     <span class='ocr_line' id='line_1_40' title="bbox 712 4427 768 4472; baseline 0.018 -1"><span class='ocrx_word' id='word_1_319' title='bbox 712 4430 731 4471; x_wconf 80' lang='lat' dir='ltr'><strong>n</strong></span> <span class='ocrx_word' id='word_1_320' title='bbox 750 4427 768 4472; x_wconf 86' lang='lat'>2</span> 
     </span>
    </p>
   </div>
   <div class='ocr_carea' id='block_1_3' title="bbox 0 0 1494 5062">
    <p class='ocr_par' dir='ltr' id='par_1_11' title="bbox 0 0 1494 5062">
     <span class='ocr_line' id='line_1_41' title="bbox 0 0 1494 5062; baseline 0 0"><span class='ocrx_word' id='word_1_321' title='bbox 0 0 1494 5062; x_wconf 95' lang='lat' dir='ltr'><strong> </strong></span> 
     </span>
    </p>
   </div>
  </div>
 </body>
</html>
