2978 5062
188 335 255 400 Μ
551 335 930 398 ΑΧΝΟΤΑΤΙΟΝΕΞ

233 523 309 588 917.
323 504 425 588 μοῖρα]
439 504 634 588 Quid
649 505 739 567 multi
754 522 786 567 et
802 505 889 567 nob.
934 503 1178 588 Lectiompu
1196 504 1306 566 ninni-

191 605 333 668 mavum
351 606 428 669 Zaein
440 604 637 690 intepolata

234 710 308 788 91¹5.
331 708 432 769 θτοτοῑ
452 706 665 769 Βδοτοδεδάιιι
686 709 786 769 ὁτοτοὶ
799 706 905 792 vulgo.
927 706 1045 768 ὀττοτοῖ
1062 702 1185 787 aliqum
1202 701 1303 766 mdd„

191 827 222 873 et
239 807 318 871 Ald.
335 807 420 871 llob.
444 811 580 871 ὀτοτοτοῖ
594 808 644 870 Μ.

218 931 309 995 ,919.
332 912 528 990 Περσόνοροτ
548 912 626 988 amit,
642 911 827 994 Hoaorpui
844 909 956 970 Peraia
974 909 1016 970 ab
1035 909 1078 969 iis
1091 906 1302 991 δοάαιττφὶ

190 1035 299 1078 eoram
318 1013 443 1100 legibru
462 1021 612 1089 utuntur,
627 1028 665 1074 ut
683 1033 780 1096 supra
793 1011 869 1094 585
885 1013 1158 1089 [lemma.
1173 1008 1301 1070 Pem-

194 1139 268 1178 τοττι
288 1115 415 1202 legn‘but
431 1124 560 1200 pareat.
606 1111 755 1198 Intelligo
768 1112 887 1197 igitur;
911 1112 979 1173 Hei
999 1111 1103 1173 niti!
1121 1110 1160 1172 οδ
1172 1110 1301 1191 sorim

192 1221 376 1293 exercitam,
390 1226 421 1280 d
432 1216 577 1280 mamas
586 1223 710 1302 gram,
725 1228 784 1277 etc.
807 1213 858 1277 cf.
875 1214 949 1296 584
965 1235 1051 1298 seqq.
1075 1211 1256 1275 BLOMF.

238 1338 313 1402 921.
328 1319 394 1402 οθι]
411 1317 445 1384 δτ
461 1318 588 1381 Βατοοτ.
604 1315 683 1379 Ald.

240 1420 390 1505 ὰτίιιιρε]
405 1419 558 1500 ἐπέκειρεν
573 1419 666 1482 LM.
685 1418 789 1481 l'iteb.

239 1543 313 1609 922.
328 1525 381 1609 γᾶ]
396 1527 415 1603 ἦ
428 1528 469 1604 γᾶ
484 1523 588 1587 Vtteb.
601 1530 676 1603 γαῖα
688 1522 808 1608 aliquot
822 1520 915 1585 codd.
930 1537 964 1584 et
978 1519 1056 1584 Ald.
1072 1520 1155 1584 Rob.

240 1625 349 1712 αἰάζει]
365 1625 461 1703 αάάξει
476 1624 555 1688 Ald.
572 1623 656 1687 Rob.

239 1747 312 1812 923.
331 1727 442 1811 Ξέρξᾳ]
461 1726 564 1811 ’Ξάρσο
579 1725 658 1790 ΑΙά.
674 1727 759 1791 lton.

240 1849 313 1915 924.
329 1829 464 1914 σάιτορι]
479 1829 519 1915 “l
534 1833 672 1911 τληριοτῆ
688 1834 741 1892 τοῦ
748 1828 854 1893 Ἀιδον
868 1852 941 1916 exp.
957 1827 1130 1893 adrolinsta

241 1937 366 2013 Περσᾶν
388 1954 460 1996 cum
484 1933 567 2010 ἥβαν
587 1955 654 1996 esse
678 1929 933 2018 conjungendum
957 1946 1042 1995 recte
1065 1929 1186 1995 monuit
1210 1929 1303 1994 sebo-

198 2037 299 2101 liasta.
324 2041 454 2116 Περοῦν
468 2033 590 2120 aliquot
603 2033 696 2098 codd.

240 2138 410 2220 άγδοβάται
425 2136 568 2200 Turnebi
586 2136 736 2200 correctio
754 2153 809 2198 est.
832 2151 864 2199 et
885 2135 929 2198 tic
944 2136 1054 2199 Guelf.
1070 2135 1221 2199 Cantabr-
1235 2136 1303 2222 pri-

198 2264 279 2306 mut.
303 2239 473 2324 δδογβάτοι
488 2239 616 2303 Barooe.
628 2238 707 2301 Ald.
721 2238 871 2316 δδοβάτοι
885 2238 968 2302 Rob.
984 2239 1131 2319 δδοράτοι
1145 2239 1187 2302 G.
1203 2239 1301 2318 ἑφθά.

197 2368 284 2424 ροται
302 2341 436 2427 conjecit
450 2342 493 2405 G.
510 2342 638 2405 Canter.
654 2341 736 2404 Noa.
755 2341 844 2404 Lect.
861 2341 934 2419 8,1.
951 2339 1073 2426 virgula
1093 2356 1164 2428 post
1183 2343 1303 2421 ἂνδρότ

197 2446 311 2512 deleta.
333 2445 511 2527 Ἀγβάτανα
532 2444 628 2508 latere
647 2443 795 2530 opinatus
815 2457 862 2505 est
878 2442 1066 2530 wesseling.
1083 2442 1125 2509 ad
1141 2442 1301 2508 Herodot

204 2570 231 2628 t,
246 2566 301 2630 42.
318 2545 402 2611 unde
415 2545 616 2628 Ἀγβατάνων
630 2544 717 2609 dedit
732 2542 872 2608 Brunclt.
896 2545 1061 2623 ἱπποβάται
1075 2544 1196 2609 Heath.
1230 2545 1302 2608 No-

200 2674 270 2717 men
295 2650 457 2739 proprium
480 2648 673 2731 Ἀγδαβάτας
695 2648 778 2712 infra
798 2646 933 2711 occurrit
955 2670 984 2710 v.
1009 2666 1083 2732 959.
1128 2645 1303 2711 Scholiasta

200 2753 302 2840 inquit
323 2766 447 2838 gentem
472 2751 628 2815 Persicam
651 2750 758 2829 fuisse,
782 2764 817 2814 ut
840 2749 891 2812 vix
916 2748 1059 2813 dubitem
1084 2771 1156 2813 eum
1182 2749 1216 2812 in
1241 2772 1303 2813 suo

199 2855 377 2939 exemplare
402 2853 550 2938 reperisse
577 2854 729 2925 ἀθάνατοι,
753 2852 962 2925 Ιτιοιοτθαὶοι,
985 2852 1151 2915 Persarum
1174 2850 1302 2930 delecti,

199 2955 254 3042 qui
271 2953 398 3041 proprio
412 2953 548 3040 quodam
567 2954 642 3038 jure
660 2956 760 3036 χόρος
778 2956 868 3022 ἄνθος
888 2954 1058 3019 audiebant
1073 2970 1104 3018 et
1118 2969 1206 3018 erant
1220 2977 1303 3041 pra·-

201 3072 285 3122 terea
298 3058 403 3137 μνριδι
420 3056 545 3136 άνδρόν,
565 3055 720 3120 Herodot.
737 3072 767 3139 7,
785 3058 836 3141 83.
851 3063 910 3123 τόν
924 3061 957 3122 δὲ
970 3060 1081 3136 papus
1094 3059 1207 3122 τούτων
1221 3063 1300 3140 Περ

202 3159 281 3226 aloa
295 3163 354 3222 τῶν
377 3157 632 3239 άτολελεγμθνον
650 3161 828 3241 ἐστρατήγεε
849 3163 906 3240 μὲν
925 3159 1072 3242 Ὑδάρνης
1093 3163 1110 3223 ὁ
1130 3158 1303 3241 Ὑδάρνεος.

201 3260 362 3327 ἐκαλέοντο
377 3263 409 3323 δὲ
423 3258 585 3325 Ἀθάνατοι
599 3264 628 3326 ol
644 3262 762 3344 Πέρσαι
777 3262 867 3325 οὗτοι.
915 3263 965 3326 De
979 3261 1037 3326 hac
1051 3261 1219 3326 immortali
1232 3284 1303 3348 my-

201 3363 287 3429 riade
308 3362 450 3427 consulas
471 3361 609 3449 interpp.
632 3363 673 3427 ad
696 3363 838 3449 Hesych.
860 3363 893 3427 in
911 3387 940 3427 v.
962 3363 1132 3428 Ἀθάνατοι
1179 3365 1219 3427 In
1242 3363 1304 3430 hoc

203 3467 270 3531 loco
291 3465 435 3530 libratim
456 3465 584 3551 quidam
612 3465 765 3545 indoctus,
792 3465 847 3552 qui
870 3465 952 3529 hanc
972 3465 1214 3553 appellationem
1238 3490 1303 3532 non

203 3567 366 3645 intellexit,
383 3567 413 3631 in
435 3567 537 3630 locum
558 3568 627 3653 ejus
644 3567 817 3645 substituit,
834 3579 870 3632 ut
889 3568 1011 3654 opinor,
1027 3569 1180 3648 δδάροτοι.
1204 3592 1302 3654 quam

204 3671 374 3746 lectionem,
390 3668 513 3733 literula
527 3685 657 3748 mutata,
673 3692 755 3733 unus
768 3669 867 3733 codex
882 3669 1051 3733 etiamnum
1072 3684 1183 3735 servat.
1228 3672 1304 3736 Hoc

204 3773 236 3836 ia
260 3771 410 3850 ἰιδαβάτοι
434 3769 579 3835 facillime
605 3770 768 3835 transierit.
800 3772 974 3836 BLOMF.
1004 3770 1150 3856 ᾁδοβάται
1172 3774 1305 3860 conjecit

207 3873 373 3939 l’assovius
388 3873 501 3939 collato
516 3872 675 3957 ᾀδοφοίτης
688 3896 740 3961 ap.
757 3874 921 3963 Aristoph.
937 3875 1050 3960 fragm.
1063 3874 1134 3956 198.
1151 3889 1182 3938 et
1198 3877 1304 3956 ἐρεβο-

205 3984 303 4058 astur
317 3999 369 4063 ap.
386 3974 483 4039 schol.
500 3979 596 4039 Hom.
614 3975 651 4038 Il.
666 3981 704 4054 T,
721 3975 774 4058 87.
822 3979 872 4041 De
886 3977 1050 4042 scholiasta
1063 3976 1184 4041 fallitur
1198 3979 1306 4041 Blom-

206 4080 324 4144 lit-idus.
372 4078 459 4143 Nihil
481 4078 533 4142 ille
554 4076 640 4142 aliud
662 4078 739 4165 legit
759 4102 854 4166 quam
874 4079 1072 4161 Ἀγδοβάται,
1087 4102 1143 4145 nec
1158 4080 1182 4143 si
1201 4083 1306 4160 μυριὰς

206 4186 320 4266 ἀνδρῶν
344 4184 385 4250 dc
414 4181 579 4248 immortali
609 4181 661 4246 illa
691 4182 830 4268 myriade
858 4181 1095 4269 intelligendum
1122 4183 1172 4261 sit,
1198 4205 1238 4248 ex
1268 4207 1307 4248 co

207 4286 348 4370 sequitur
361 4284 464 4371 ipsum
481 4283 637 4348 ἀθανάτων
653 4305 764 4347 nomen
779 4282 975 4347 inferendum
990 4305 1066 4346 esse.

250 4387 323 4468 926.
341 4386 460 4469 φθοτιτ]
479 4385 568 4466 φάσις
584 4386 621 4449 C.
639 4386 742 4450 Turn.
764 4384 869 4448 Schol.
893 4386 1000 4467 φύστις
1021 4386 1040 4464 ἡ
1060 4383 1234 4466 πεφυρμένη
1257 4384 1306 4448 καὶ
