<?xml version="1.0" encoding="UTF-8"?>
<!DOCTYPE html PUBLIC "-//W3C//DTD XHTML 1.0 Transitional//EN"
    "http://www.w3.org/TR/xhtml1/DTD/xhtml1-transitional.dtd">
<html xmlns="http://www.w3.org/1999/xhtml" xml:lang="en" lang="en">
 <head>
  <title>
</title>
<meta http-equiv="Content-Type" content="text/html;charset=utf-8" />
  <meta name='ocr-system' content='tesseract 3.04.00' />
  <meta name='ocr-capabilities' content='ocr_page ocr_carea ocr_par ocr_line ocrx_word'/>
</head>
<body>
  <div class='ocr_page' id='page_1' title='image "./tragoediaesuper02aescgoog_0153.png"; bbox 0 0 2978 5062; ppageno 0'>
   <div class='ocr_carea' id='block_1_1' title="bbox 253 332 989 399">
    <p class='ocr_par' dir='ltr' id='par_1_1' title="bbox 253 332 989 399">
     <span class='ocr_line' id='line_1_1' title="bbox 253 332 989 399; baseline -0.005 0"><span class='ocrx_word' id='word_1_1' title='bbox 253 337 317 399; x_wconf 76' lang='lat'>144</span> <span class='ocrx_word' id='word_1_2' title='bbox 615 332 989 397; x_wconf 77' lang='lat' dir='ltr'><strong>ANNOTATIONES</strong></span> 
     </span>
    </p>
   </div>
   <div class='ocr_carea' id='block_1_2' title="bbox 247 502 1351 4573">
    <p class='ocr_par' dir='ltr' id='par_1_2' title="bbox 293 502 971 588">
     <span class='ocr_line' id='line_1_2' title="bbox 293 502 971 588; baseline -0.004 -20"><span class='ocrx_word' id='word_1_3' title='bbox 293 504 413 584; x_wconf 82' lang='grc' dir='ltr'>Κάδμου</span> <span class='ocrx_word' id='word_1_4' title='bbox 428 502 595 588; x_wconf 70' lang='grc' dir='ltr'>ἐπώνυμον]</span> <span class='ocrx_word' id='word_1_5' title='bbox 612 503 767 582; x_wconf 78' lang='grc' dir='ltr'>ἐπύνυμον</span> <span class='ocrx_word' id='word_1_6' title='bbox 785 502 904 582; x_wconf 79' lang='grc' dir='ltr'>Κάδμου</span> <span class='ocrx_word' id='word_1_7' title='bbox 919 503 971 565; x_wconf 91' lang='grc' dir='ltr'>Μ.</span> 
     </span>
    </p>

    <p class='ocr_par' dir='ltr' id='par_1_3' title="bbox 248 602 1351 895">
     <span class='ocr_line' id='line_1_3' title="bbox 295 602 1350 691; baseline 0.001 -21"><span class='ocrx_word' id='word_1_8' title='bbox 295 625 364 685; x_wconf 88' lang='grc'><strong>140.</strong></span> <span class='ocrx_word' id='word_1_9' title='bbox 388 605 453 691; x_wconf 81' lang='grc' dir='ltr'>ἅτε]</span> <span class='ocrx_word' id='word_1_10' title='bbox 477 608 618 669; x_wconf 89' lang='lat' dir='ltr'>Metrum</span> <span class='ocrx_word' id='word_1_11' title='bbox 642 604 781 691; x_wconf 78' lang='lat' dir='ltr'>postulat</span> <span class='ocrx_word' id='word_1_12' title='bbox 803 602 846 669; x_wconf 81' lang='grc' dir='ltr'>ἅτ’</span> <span class='ocrx_word' id='word_1_13' title='bbox 864 604 900 681; x_wconf 80' lang='grc' dir='ltr'>εἶ,</span> <span class='ocrx_word' id='word_1_14' title='bbox 920 603 1007 688; x_wconf 92' lang='lat' dir='ltr'>quod</span> <span class='ocrx_word' id='word_1_15' title='bbox 1027 603 1157 689; x_wconf 88' lang='lat' dir='ltr'>conjecit</span> <span class='ocrx_word' id='word_1_16' title='bbox 1181 603 1350 671; x_wconf 86' lang='lat' dir='ltr'>Seidlerus.</span> 
     </span>
     <span class='ocr_line' id='line_1_4' title="bbox 248 705 1351 793; baseline 0 -20"><span class='ocrx_word' id='word_1_17' title='bbox 248 707 353 791; x_wconf 80' lang='grc' dir='ltr'>γένους</span> <span class='ocrx_word' id='word_1_18' title='bbox 373 706 532 790; x_wconf 76' lang='grc' dir='ltr'><strong>προμάτωρ</strong></span> <span class='ocrx_word' id='word_1_19' title='bbox 546 712 653 770; x_wconf 75' lang='lat' dir='ltr'>aulem</span> <span class='ocrx_word' id='word_1_20' title='bbox 671 707 778 770; x_wconf 85' lang='lat' dir='ltr'>Venus</span> <span class='ocrx_word' id='word_1_21' title='bbox 792 705 909 770; x_wconf 89' lang='lat' dir='ltr'>dicitur</span> <span class='ocrx_word' id='word_1_22' title='bbox 922 705 998 793; x_wconf 89' lang='lat' dir='ltr'>quia</span> <span class='ocrx_word' id='word_1_23' title='bbox 1013 706 1220 771; x_wconf 77' lang='lat' dir='ltr'><strong>Harmoniam</strong></span> <span class='ocrx_word' id='word_1_24' title='bbox 1237 709 1351 773; x_wconf 88' lang='lat' dir='ltr'>Cadmi</span> 
     </span>
     <span class='ocr_line' id='line_1_5' title="bbox 250 809 686 895; baseline -0.005 -22"><span class='ocrx_word' id='word_1_25' title='bbox 250 831 378 874; x_wconf 82' lang='lat' dir='ltr'>uxorem</span> <span class='ocrx_word' id='word_1_26' title='bbox 397 809 497 873; x_wconf 90' lang='lat' dir='ltr'>Marti</span> <span class='ocrx_word' id='word_1_27' title='bbox 512 826 686 895; x_wconf 83' lang='lat' dir='ltr'>pepererat.</span> 
     </span>
    </p>

    <p class='ocr_par' dir='ltr' id='par_1_4' title="bbox 296 910 966 997">
     <span class='ocr_line' id='line_1_6' title="bbox 296 910 966 997; baseline 0 -23"><span class='ocrx_word' id='word_1_28' title='bbox 296 930 366 991; x_wconf 83' lang='grc'><strong>141.</strong></span> <span class='ocrx_word' id='word_1_29' title='bbox 382 914 441 993; x_wconf 77' lang='grc' dir='ltr'>γὰρ</span> <span class='ocrx_word' id='word_1_30' title='bbox 455 910 599 977; x_wconf 86' lang='lat' dir='ltr'>additum</span> <span class='ocrx_word' id='word_1_31' title='bbox 615 934 654 975; x_wconf 84' lang='lat' dir='ltr'>ex</span> <span class='ocrx_word' id='word_1_32' title='bbox 669 910 811 975; x_wconf 91' lang='grc' dir='ltr'><strong>Α.Β.Μ.</strong></span> <span class='ocrx_word' id='word_1_33' title='bbox 827 910 966 997; x_wconf 82' lang='lat' dir='ltr'>aliisque.</span> 
     </span>
    </p>

    <p class='ocr_par' dir='ltr' id='par_1_5' title="bbox 290 1009 850 1079">
     <span class='ocr_line' id='line_1_7' title="bbox 290 1009 850 1079; baseline -0.002 -4"><span class='ocrx_word' id='word_1_34' title='bbox 290 1018 406 1076; x_wconf 82' lang='grc' dir='ltr'>λιταῖσι</span> <span class='ocrx_word' id='word_1_35' title='bbox 422 1014 636 1076; x_wconf 83' lang='lat' dir='ltr'>Hermannus.</span> <span class='ocrx_word' id='word_1_36' title='bbox 659 1017 756 1079; x_wconf 80' lang='grc' dir='ltr'>λιταῖς</span> <span class='ocrx_word' id='word_1_37' title='bbox 769 1009 850 1074; x_wconf 81' lang='lat' dir='ltr'>libri.</span> 
     </span>
    </p>

    <p class='ocr_par' dir='ltr' id='par_1_6' title="bbox 292 1112 936 1201">
     <span class='ocr_line' id='line_1_8' title="bbox 292 1112 936 1201; baseline -0.003 -23"><span class='ocrx_word' id='word_1_38' title='bbox 292 1115 464 1181; x_wconf 70' lang='grc' dir='ltr'>θεοκλύτοις</span> <span class='ocrx_word' id='word_1_39' title='bbox 478 1114 582 1177; x_wconf 81' lang='lat' dir='ltr'>versui</span> <span class='ocrx_word' id='word_1_40' title='bbox 597 1114 740 1201; x_wconf 78' lang='lat' dir='ltr'>proximo</span> <span class='ocrx_word' id='word_1_41' title='bbox 753 1112 843 1177; x_wconf 80' lang='lat' dir='ltr'>addit</span> <span class='ocrx_word' id='word_1_42' title='bbox 859 1112 936 1177; x_wconf 88' lang='lat' dir='ltr'>Ald.</span> 
     </span>
    </p>

    <p class='ocr_par' dir='ltr' id='par_1_7' title="bbox 250 1214 1349 1402">
     <span class='ocr_line' id='line_1_9' title="bbox 295 1214 1349 1303; baseline -0.001 -23"><span class='ocrx_word' id='word_1_43' title='bbox 295 1237 365 1298; x_wconf 78' lang='grc'>144</span> <span class='ocrx_word' id='word_1_44' title='bbox 381 1216 540 1302; x_wconf 82' lang='grc' dir='ltr'>ἀπύουσαι]</span> <span class='ocrx_word' id='word_1_45' title='bbox 564 1216 691 1303; x_wconf 78' lang='lat' dir='ltr'>Syllaba</span> <span class='ocrx_word' id='word_1_46' title='bbox 704 1214 841 1280; x_wconf 85' lang='lat' dir='ltr'>secunda</span> <span class='ocrx_word' id='word_1_47' title='bbox 858 1214 1011 1301; x_wconf 88' lang='lat' dir='ltr'>producta</span> <span class='ocrx_word' id='word_1_48' title='bbox 1027 1231 1063 1281; x_wconf 89' lang='lat' dir='ltr'>ut</span> <span class='ocrx_word' id='word_1_49' title='bbox 1077 1214 1162 1301; x_wconf 91' lang='lat' dir='ltr'>apud</span> <span class='ocrx_word' id='word_1_50' title='bbox 1180 1215 1349 1281; x_wconf 78' lang='lat' dir='ltr'>Moechum</span> 
     </span>
     <span class='ocr_line' id='line_1_10' title="bbox 250 1316 1074 1402; baseline -0.005 -18"><span class='ocrx_word' id='word_1_51' title='bbox 250 1337 281 1395; x_wconf 87' lang='lat'>2,</span> <span class='ocrx_word' id='word_1_52' title='bbox 300 1338 372 1383; x_wconf 84' lang='lat'>120.</span> <span class='ocrx_word' id='word_1_53' title='bbox 390 1316 545 1402; x_wconf 89' lang='grc' dir='ltr'>κόχλοισιν</span> <span class='ocrx_word' id='word_1_54' title='bbox 559 1326 680 1386; x_wconf 83' lang='grc' dir='ltr'>ταναοῖς</span> <span class='ocrx_word' id='word_1_55' title='bbox 695 1317 803 1400; x_wconf 84' lang='grc' dir='ltr'>γόμιον</span> <span class='ocrx_word' id='word_1_56' title='bbox 815 1317 908 1397; x_wconf 70' lang='grc' dir='ltr'>μύλος</span> <span class='ocrx_word' id='word_1_57' title='bbox 921 1317 1074 1395; x_wconf 80' lang='grc' dir='ltr'>ἠπύοντες.</span> 
     </span>
    </p>

    <p class='ocr_par' dir='ltr' id='par_1_8' title="bbox 249 1416 1348 1585">
     <span class='ocr_line' id='line_1_11' title="bbox 291 1416 1348 1506; baseline 0 -23"><span class='ocrx_word' id='word_1_58' title='bbox 291 1419 501 1499; x_wconf 75' lang='grc' dir='ltr'>πελαζόμεσθα</span> <span class='ocrx_word' id='word_1_59' title='bbox 525 1420 633 1506; x_wconf 87' lang='lat' dir='ltr'>Steph.</span> <span class='ocrx_word' id='word_1_60' title='bbox 650 1434 681 1483; x_wconf 88' lang='lat' dir='ltr'>et</span> <span class='ocrx_word' id='word_1_61' title='bbox 696 1441 769 1506; x_wconf 83' lang='lat' dir='ltr'>para</span> <span class='ocrx_word' id='word_1_62' title='bbox 789 1419 942 1484; x_wconf 90' lang='lat' dir='ltr'>codicum.</span> <span class='ocrx_word' id='word_1_63' title='bbox 982 1417 1045 1481; x_wconf 86' lang='lat' dir='ltr'>Alii</span> <span class='ocrx_word' id='word_1_64' title='bbox 1068 1416 1257 1498; x_wconf 79' lang='grc' dir='ltr'>πελαζόμεθα</span> <span class='ocrx_word' id='word_1_65' title='bbox 1276 1442 1348 1483; x_wconf 88' lang='lat' dir='ltr'>eum</span> 
     </span>
     <span class='ocr_line' id='line_1_12' title="bbox 249 1520 553 1585; baseline -0.007 0"><span class='ocrx_word' id='word_1_66' title='bbox 249 1520 328 1585; x_wconf 91' lang='lat' dir='ltr'>Ald.</span> <span class='ocrx_word' id='word_1_67' title='bbox 345 1521 430 1585; x_wconf 87' lang='lat' dir='ltr'>Rob.</span> <span class='ocrx_word' id='word_1_68' title='bbox 449 1522 553 1584; x_wconf 89' lang='lat' dir='ltr'>Turn.</span> 
     </span>
    </p>

    <p class='ocr_par' dir='ltr' id='par_1_9' title="bbox 295 1620 974 1709">
     <span class='ocr_line' id='line_1_13' title="bbox 295 1620 974 1709; baseline 0.001 -24"><span class='ocrx_word' id='word_1_69' title='bbox 295 1639 366 1706; x_wconf 85' lang='lat'>145.</span> <span class='ocrx_word' id='word_1_70' title='bbox 383 1620 497 1706; x_wconf 89' lang='grc' dir='ltr'>Λύκει’]</span> <span class='ocrx_word' id='word_1_71' title='bbox 514 1621 589 1687; x_wconf 90' lang='grc' dir='ltr'>λύκι’</span> <span class='ocrx_word' id='word_1_72' title='bbox 606 1644 678 1709; x_wconf 82' lang='lat' dir='ltr'>pars</span> <span class='ocrx_word' id='word_1_73' title='bbox 692 1621 833 1687; x_wconf 91' lang='lat' dir='ltr'>codicum</span> <span class='ocrx_word' id='word_1_74' title='bbox 850 1637 882 1687; x_wconf 85' lang='lat' dir='ltr'>et</span> <span class='ocrx_word' id='word_1_75' title='bbox 897 1623 974 1687; x_wconf 89' lang='lat' dir='ltr'>Ald.</span> 
     </span>
    </p>

    <p class='ocr_par' dir='ltr' id='par_1_10' title="bbox 247 1723 1350 4268">
     <span class='ocr_line' id='line_1_14' title="bbox 291 1723 1349 1811; baseline 0.002 -23"><span class='ocrx_word' id='word_1_76' title='bbox 291 1723 390 1788; x_wconf 82' lang='grc' dir='ltr'>Λύκει’</span> <span class='ocrx_word' id='word_1_77' title='bbox 405 1724 493 1810; x_wconf 68' lang='grc' dir='ltr'>ἄναξ]</span> <span class='ocrx_word' id='word_1_78' title='bbox 508 1724 689 1810; x_wconf 87' lang='lat' dir='ltr'>Apollinem</span> <span class='ocrx_word' id='word_1_79' title='bbox 707 1723 863 1811; x_wconf 83' lang='lat' dir='ltr'>designari</span> <span class='ocrx_word' id='word_1_80' title='bbox 877 1724 988 1811; x_wconf 79' lang='lat' dir='ltr'>liquet,</span> <span class='ocrx_word' id='word_1_81' title='bbox 1004 1748 1102 1811; x_wconf 89' lang='lat' dir='ltr'>quum</span> <span class='ocrx_word' id='word_1_82' title='bbox 1119 1747 1159 1788; x_wconf 84' lang='lat' dir='ltr'>ex</span> <span class='ocrx_word' id='word_1_83' title='bbox 1174 1724 1242 1789; x_wconf 87' lang='lat' dir='ltr'>aliis</span> <span class='ocrx_word' id='word_1_84' title='bbox 1257 1726 1349 1790; x_wconf 85' lang='lat' dir='ltr'>ratio·</span> 
     </span>
     <span class='ocr_line' id='line_1_15' title="bbox 247 1825 1348 1913; baseline 0.001 -22"><span class='ocrx_word' id='word_1_85' title='bbox 247 1826 351 1901; x_wconf 85' lang='lat' dir='ltr'>nibus,</span> <span class='ocrx_word' id='word_1_86' title='bbox 368 1842 435 1890; x_wconf 91' lang='lat' dir='ltr'>tum</span> <span class='ocrx_word' id='word_1_87' title='bbox 451 1851 490 1891; x_wconf 86' lang='lat' dir='ltr'>ex</span> <span class='ocrx_word' id='word_1_88' title='bbox 507 1830 622 1913; x_wconf 85' lang='lat' dir='ltr'>Agam.</span> <span class='ocrx_word' id='word_1_89' title='bbox 637 1842 728 1912; x_wconf 81' lang='lat'>1259.</span> <span class='ocrx_word' id='word_1_90' title='bbox 739 1826 896 1891; x_wconf 82' lang='grc' dir='ltr'>Ὀτοποτοῖ</span> <span class='ocrx_word' id='word_1_91' title='bbox 908 1829 1008 1892; x_wconf 83' lang='grc' dir='ltr'>Λύκει’</span> <span class='ocrx_word' id='word_1_92' title='bbox 1018 1825 1190 1891; x_wconf 85' lang='grc' dir='ltr'>Ἀπόλλων.</span> <span class='ocrx_word' id='word_1_93' title='bbox 1214 1827 1294 1891; x_wconf 91' lang='lat' dir='ltr'>OEd.</span> <span class='ocrx_word' id='word_1_94' title='bbox 1305 1829 1348 1892; x_wconf 88' lang='grc' dir='ltr'><strong>Τ.</strong></span> 
     </span>
     <span class='ocr_line' id='line_1_16' title="bbox 249 1926 1347 2015; baseline -0.004 -18"><span class='ocrx_word' id='word_1_95' title='bbox 249 1950 322 2015; x_wconf 86' lang='lat'>203.</span> <span class='ocrx_word' id='word_1_96' title='bbox 339 1929 436 1996; x_wconf 85' lang='grc' dir='ltr'>Λύκει’</span> <span class='ocrx_word' id='word_1_97' title='bbox 452 1931 536 2010; x_wconf 76' lang='grc' dir='ltr'>ἄναξ.</span> <span class='ocrx_word' id='word_1_98' title='bbox 571 1928 673 1994; x_wconf 90' lang='lat' dir='ltr'>Schol.</span> <span class='ocrx_word' id='word_1_99' title='bbox 690 1927 817 1994; x_wconf 90' lang='grc' dir='ltr'>Λύκειόν</span> <span class='ocrx_word' id='word_1_100' title='bbox 839 1938 917 2012; x_wconf 85' lang='grc' dir='ltr'>φασι</span> <span class='ocrx_word' id='word_1_101' title='bbox 938 1929 992 1993; x_wconf 86' lang='grc' dir='ltr'>τὸν</span> <span class='ocrx_word' id='word_1_102' title='bbox 1005 1926 1200 2006; x_wconf 86' lang='grc' dir='ltr'>Ἀπόλλωνα,</span> <span class='ocrx_word' id='word_1_103' title='bbox 1215 1927 1233 2009; x_wconf 79' lang='grc' dir='ltr'>ἢ</span> <span class='ocrx_word' id='word_1_104' title='bbox 1249 1933 1297 1994; x_wconf 78' lang='grc' dir='ltr'>διὰ</span> <span class='ocrx_word' id='word_1_105' title='bbox 1312 1930 1347 1993; x_wconf 84' lang='grc' dir='ltr'>τὸ</span> 
     </span>
     <span class='ocr_line' id='line_1_17' title="bbox 248 2029 1348 2120; baseline -0.002 -24"><span class='ocrx_word' id='word_1_106' title='bbox 248 2034 283 2098; x_wconf 70' lang='grc' dir='ltr'>ἐν</span> <span class='ocrx_word' id='word_1_107' title='bbox 296 2037 332 2120; x_wconf 82' lang='grc' dir='ltr'>τῇ</span> <span class='ocrx_word' id='word_1_108' title='bbox 346 2035 440 2118; x_wconf 72' lang='grc' dir='ltr'>Λυκία</span> <span class='ocrx_word' id='word_1_109' title='bbox 460 2034 496 2120; x_wconf 76' lang='grc' dir='ltr'>τῇ</span> <span class='ocrx_word' id='word_1_110' title='bbox 518 2030 606 2096; x_wconf 92' lang='grc' dir='ltr'>πόλει</span> <span class='ocrx_word' id='word_1_111' title='bbox 628 2035 768 2112; x_wconf 75' lang='grc' dir='ltr'>τιμᾶσθαι</span> <span class='ocrx_word' id='word_1_112' title='bbox 788 2029 921 2111; x_wconf 79' lang='grc' dir='ltr'>αὖτὸν,ἢ</span> <span class='ocrx_word' id='word_1_113' title='bbox 944 2034 992 2095; x_wconf 79' lang='grc' dir='ltr'>διὸ</span> <span class='ocrx_word' id='word_1_114' title='bbox 1012 2031 1046 2095; x_wconf 84' lang='grc' dir='ltr'>τὸ</span> <span class='ocrx_word' id='word_1_115' title='bbox 1061 2032 1255 2095; x_wconf 76' lang='grc' dir='ltr'>ἀνατίθεσθαι</span> <span class='ocrx_word' id='word_1_116' title='bbox 1271 2032 1348 2117; x_wconf 72' lang='grc' dir='ltr'>αὐτῷ</span> 
     </span>
     <span class='ocr_line' id='line_1_18' title="bbox 247 2131 1349 2215; baseline -0.002 -17"><span class='ocrx_word' id='word_1_117' title='bbox 247 2136 340 2199; x_wconf 89' lang='grc' dir='ltr'>λύκον</span> <span class='ocrx_word' id='word_1_118' title='bbox 354 2135 393 2201; x_wconf 81' lang='grc' dir='ltr'>ὡς</span> <span class='ocrx_word' id='word_1_119' title='bbox 408 2133 498 2215; x_wconf 78' lang='grc' dir='ltr'>ἱερὸν,</span> <span class='ocrx_word' id='word_1_120' title='bbox 513 2131 532 2214; x_wconf 81' lang='grc' dir='ltr'>ἢ</span> <span class='ocrx_word' id='word_1_121' title='bbox 546 2134 642 2198; x_wconf 75' lang='grc' dir='ltr'>διὰτὸ</span> <span class='ocrx_word' id='word_1_122' title='bbox 657 2136 765 2202; x_wconf 81' lang='grc' dir='ltr'>λύκους</span> <span class='ocrx_word' id='word_1_123' title='bbox 780 2135 909 2198; x_wconf 80' lang='grc' dir='ltr'>θνελεῖν.</span> <span class='ocrx_word' id='word_1_124' title='bbox 931 2131 961 2214; x_wconf 78' lang='grc' dir='ltr'>ἢ,</span> <span class='ocrx_word' id='word_1_125' title='bbox 978 2136 996 2196; x_wconf 89' lang='grc' dir='ltr'>ό</span> <span class='ocrx_word' id='word_1_126' title='bbox 1010 2159 1047 2215; x_wconf 86' lang='grc' dir='ltr'>γε</span> <span class='ocrx_word' id='word_1_127' title='bbox 1062 2131 1195 2214; x_wconf 83' lang='grc' dir='ltr'>κρεῖττόν</span> <span class='ocrx_word' id='word_1_128' title='bbox 1210 2135 1286 2210; x_wconf 73' lang='grc' dir='ltr'>ἔστι,</span> <span class='ocrx_word' id='word_1_129' title='bbox 1300 2137 1349 2197; x_wconf 75' lang='grc' dir='ltr'>διὰ</span> 
     </span>
     <span class='ocr_line' id='line_1_19' title="bbox 248 2233 1348 2321; baseline -0.002 -21"><span class='ocrx_word' id='word_1_130' title='bbox 248 2238 282 2301; x_wconf 82' lang='grc' dir='ltr'>τὸ</span> <span class='ocrx_word' id='word_1_131' title='bbox 297 2237 436 2319; x_wconf 83' lang='grc' dir='ltr'>λυκόφος</span> <span class='ocrx_word' id='word_1_132' title='bbox 450 2243 559 2314; x_wconf 81' lang='grc' dir='ltr'>ποιεῖν,</span> <span class='ocrx_word' id='word_1_133' title='bbox 574 2240 626 2315; x_wconf 79' lang='grc' dir='ltr'>τῆς</span> <span class='ocrx_word' id='word_1_134' title='bbox 641 2236 744 2303; x_wconf 83' lang='grc' dir='ltr'>νυκτὸς</span> <span class='ocrx_word' id='word_1_135' title='bbox 759 2235 1007 2320; x_wconf 79' lang='grc' dir='ltr'>ἆποχορησόσης.</span> <span class='ocrx_word' id='word_1_136' title='bbox 1046 2233 1215 2321; x_wconf 88' lang='lat' dir='ltr'>Sophocles</span> <span class='ocrx_word' id='word_1_137' title='bbox 1235 2257 1348 2298; x_wconf 89' lang='lat' dir='ltr'>nomen</span> 
     </span>
     <span class='ocr_line' id='line_1_20' title="bbox 248 2334 1349 2418; baseline 0 -16"><span class='ocrx_word' id='word_1_138' title='bbox 248 2338 363 2404; x_wconf 90' lang='lat' dir='ltr'>ducere</span> <span class='ocrx_word' id='word_1_139' title='bbox 383 2338 509 2404; x_wconf 85' lang='lat' dir='ltr'>videtur</span> <span class='ocrx_word' id='word_1_140' title='bbox 528 2363 548 2404; x_wconf 87' lang='lat' dir='ltr'>a</span> <span class='ocrx_word' id='word_1_141' title='bbox 568 2341 666 2407; x_wconf 85' lang='grc' dir='ltr'>λύκος·</span> <span class='ocrx_word' id='word_1_142' title='bbox 691 2338 807 2403; x_wconf 85' lang='lat' dir='ltr'>Electr.</span> <span class='ocrx_word' id='word_1_143' title='bbox 824 2341 856 2402; x_wconf 93' lang='lat'>6.</span> <span class='ocrx_word' id='word_1_144' title='bbox 872 2343 925 2401; x_wconf 85' lang='grc' dir='ltr'>τοῦ</span> <span class='ocrx_word' id='word_1_145' title='bbox 945 2334 1125 2401; x_wconf 85' lang='grc' dir='ltr'>λυκοκτόνου</span> <span class='ocrx_word' id='word_1_146' title='bbox 1146 2341 1217 2401; x_wconf 86' lang='grc' dir='ltr'>θεοῦ</span> <span class='ocrx_word' id='word_1_147' title='bbox 1233 2334 1349 2418; x_wconf 77' lang='grc' dir='ltr'>’Λγορὰ</span> 
     </span>
     <span class='ocr_line' id='line_1_21' title="bbox 248 2437 1348 2526; baseline -0.001 -22"><span class='ocrx_word' id='word_1_148' title='bbox 248 2441 383 2507; x_wconf 83' lang='grc' dir='ltr'>Λύκειος.</span> <span class='ocrx_word' id='word_1_149' title='bbox 400 2440 456 2504; x_wconf 89' lang='lat' dir='ltr'>ubi</span> <span class='ocrx_word' id='word_1_150' title='bbox 479 2440 542 2505; x_wconf 87' lang='lat' dir='ltr'>vid.</span> <span class='ocrx_word' id='word_1_151' title='bbox 564 2440 658 2505; x_wconf 88' lang='lat' dir='ltr'>schol.</span> <span class='ocrx_word' id='word_1_152' title='bbox 691 2440 769 2504; x_wconf 90' lang='lat' dir='ltr'>OEd.</span> <span class='ocrx_word' id='word_1_153' title='bbox 787 2442 868 2526; x_wconf 84' lang='lat' dir='ltr'>Tyr.</span> <span class='ocrx_word' id='word_1_154' title='bbox 887 2459 960 2524; x_wconf 86' lang='lat'>919.</span> <span class='ocrx_word' id='word_1_155' title='bbox 983 2437 1080 2502; x_wconf 82' lang='grc' dir='ltr'>Λύκει’</span> <span class='ocrx_word' id='word_1_156' title='bbox 1099 2439 1268 2503; x_wconf 83' lang='grc' dir='ltr'>Ἀπολλον.</span> <span class='ocrx_word' id='word_1_157' title='bbox 1294 2439 1348 2503; x_wconf 85' lang='grc'><strong>0111</strong></span> 
     </span>
     <span class='ocr_line' id='line_1_22' title="bbox 248 2539 1347 2630; baseline -0.003 -24"><span class='ocrx_word' id='word_1_158' title='bbox 248 2542 344 2608; x_wconf 81' lang='lat' dir='ltr'>schol.</span> <span class='ocrx_word' id='word_1_159' title='bbox 360 2545 486 2608; x_wconf 89' lang='grc' dir='ltr'>Λύκειον</span> <span class='ocrx_word' id='word_1_160' title='bbox 500 2542 666 2626; x_wconf 83' lang='grc' dir='ltr'>γυμνάσιόν</span> <span class='ocrx_word' id='word_1_161' title='bbox 679 2546 763 2608; x_wconf 72' lang='grc' dir='ltr'>ἔστιν</span> <span class='ocrx_word' id='word_1_162' title='bbox 775 2543 950 2630; x_wconf 77' lang='grc' dir='ltr'>Ἀθήνῃσιν,</span> <span class='ocrx_word' id='word_1_163' title='bbox 963 2543 1034 2605; x_wconf 85' lang='grc' dir='ltr'>ἔνθα</span> <span class='ocrx_word' id='word_1_164' title='bbox 1045 2539 1207 2606; x_wconf 83' lang='grc' dir='ltr'>Ἀπόλλων</span> <span class='ocrx_word' id='word_1_165' title='bbox 1221 2547 1347 2622; x_wconf 80' lang='grc' dir='ltr'>τιμᾶται.</span> 
     </span>
     <span class='ocr_line' id='line_1_23' title="bbox 249 2643 1349 2729; baseline -0.002 -19"><span class='ocrx_word' id='word_1_166' title='bbox 249 2647 298 2710; x_wconf 76' lang='grc' dir='ltr'>καὶ</span> <span class='ocrx_word' id='word_1_167' title='bbox 320 2649 528 2729; x_wconf 81' lang='grc' dir='ltr'>Καλλίμαχος.</span> <span class='ocrx_word' id='word_1_168' title='bbox 551 2648 621 2728; x_wconf 88' lang='lat' dir='ltr'>(Fr.</span> <span class='ocrx_word' id='word_1_169' title='bbox 644 2650 733 2729; x_wconf 88' lang='lat'>141.)</span> <span class='ocrx_word' id='word_1_170' title='bbox 758 2646 817 2726; x_wconf 77' lang='grc' dir='ltr'>ἐγὼ</span> <span class='ocrx_word' id='word_1_171' title='bbox 842 2647 865 2708; x_wconf 79' lang='grc' dir='ltr'>δ’</span> <span class='ocrx_word' id='word_1_172' title='bbox 889 2643 1003 2724; x_wconf 83' lang='grc' dir='ltr'>ἤντησα</span> <span class='ocrx_word' id='word_1_173' title='bbox 1027 2646 1151 2707; x_wconf 76' lang='grc' dir='ltr'>Λυκείου</span> <span class='ocrx_word' id='word_1_174' title='bbox 1176 2644 1283 2708; x_wconf 82' lang='grc' dir='ltr'>Καλόν</span> <span class='ocrx_word' id='word_1_175' title='bbox 1302 2645 1349 2708; x_wconf 76' lang='grc' dir='ltr'>ἀεὶ</span> 
     </span>
     <span class='ocr_line' id='line_1_24' title="bbox 248 2745 1347 2831; baseline 0 -21"><span class='ocrx_word' id='word_1_176' title='bbox 248 2745 401 2812; x_wconf 81' lang='grc' dir='ltr'>λιπόυντα</span> <span class='ocrx_word' id='word_1_177' title='bbox 415 2751 489 2811; x_wconf 76' lang='grc' dir='ltr'>κατὰ</span> <span class='ocrx_word' id='word_1_178' title='bbox 505 2745 615 2829; x_wconf 79' lang='grc' dir='ltr'>δρόμον</span> <span class='ocrx_word' id='word_1_179' title='bbox 628 2745 832 2812; x_wconf 86' lang='grc' dir='ltr'>Ἀπόλλωνος.</span> <span class='ocrx_word' id='word_1_180' title='bbox 859 2745 959 2809; x_wconf 85' lang='lat' dir='ltr'>Aliud</span> <span class='ocrx_word' id='word_1_181' title='bbox 974 2761 1101 2831; x_wconf 84' lang='lat' dir='ltr'>etymon</span> <span class='ocrx_word' id='word_1_182' title='bbox 1116 2745 1236 2831; x_wconf 83' lang='lat' dir='ltr'>praebet</span> <span class='ocrx_word' id='word_1_183' title='bbox 1251 2745 1347 2811; x_wconf 85' lang='lat' dir='ltr'>schol.</span> 
     </span>
     <span class='ocr_line' id='line_1_25' title="bbox 249 2848 1347 2934; baseline 0.001 -22"><span class='ocrx_word' id='word_1_184' title='bbox 249 2848 412 2933; x_wconf 81' lang='lat' dir='ltr'>Aristoph.</span> <span class='ocrx_word' id='word_1_185' title='bbox 436 2849 499 2912; x_wconf 79' lang='grc' dir='ltr'>Αν.</span> <span class='ocrx_word' id='word_1_186' title='bbox 521 2850 594 2934; x_wconf 81' lang='lat'>368.</span> <span class='ocrx_word' id='word_1_187' title='bbox 624 2850 683 2913; x_wconf 82' lang='lat' dir='ltr'>Kal</span> <span class='ocrx_word' id='word_1_188' title='bbox 705 2851 794 2928; x_wconf 90' lang='grc' dir='ltr'>νόμος</span> <span class='ocrx_word' id='word_1_189' title='bbox 816 2849 853 2928; x_wconf 78' lang='grc' dir='ltr'>ἦν</span> <span class='ocrx_word' id='word_1_190' title='bbox 875 2856 1075 2913; x_wconf 84' lang='grc' dir='ltr'>λυκοκτονεῖν.</span> <span class='ocrx_word' id='word_1_191' title='bbox 1104 2849 1149 2913; x_wconf 82' lang='grc' dir='ltr'>διὸ</span> <span class='ocrx_word' id='word_1_192' title='bbox 1172 2851 1189 2912; x_wconf 87' lang='grc' dir='ltr'>ὁ</span> <span class='ocrx_word' id='word_1_193' title='bbox 1210 2851 1267 2929; x_wconf 73' lang='grc' dir='ltr'>μὲν</span> <span class='ocrx_word' id='word_1_194' title='bbox 1290 2859 1347 2931; x_wconf 79' lang='grc' dir='ltr'>φο-</span> 
     </span>
     <span class='ocr_line' id='line_1_26' title="bbox 249 2949 1349 3031; baseline 0.004 -16"><span class='ocrx_word' id='word_1_195' title='bbox 249 2951 344 3015; x_wconf 82' lang='grc' dir='ltr'>νεύων</span> <span class='ocrx_word' id='word_1_196' title='bbox 357 2952 449 3014; x_wconf 89' lang='grc' dir='ltr'>λύκου</span> <span class='ocrx_word' id='word_1_197' title='bbox 464 2949 570 3015; x_wconf 74' lang='grc' dir='ltr'>τέκνον</span> <span class='ocrx_word' id='word_1_198' title='bbox 584 2951 733 3014; x_wconf 85' lang='grc' dir='ltr'>τόλαντον</span> <span class='ocrx_word' id='word_1_199' title='bbox 745 2950 911 3031; x_wconf 76' lang='grc' dir='ltr'>ἐλάμβανε,</span> <span class='ocrx_word' id='word_1_200' title='bbox 927 2953 988 3014; x_wconf 72' lang='grc' dir='ltr'>ὅδὲ</span> <span class='ocrx_word' id='word_1_201' title='bbox 1003 2951 1130 3030; x_wconf 75' lang='grc' dir='ltr'>τέλειον,</span> <span class='ocrx_word' id='word_1_202' title='bbox 1145 2955 1206 3017; x_wconf 86' lang='grc' dir='ltr'>δύο.</span> <span class='ocrx_word' id='word_1_203' title='bbox 1233 2953 1280 3017; x_wconf 82' lang='grc' dir='ltr'>καὶ</span> <span class='ocrx_word' id='word_1_204' title='bbox 1294 2953 1349 3019; x_wconf 81' lang='grc' dir='ltr'>τὸν</span> 
     </span>
     <span class='ocr_line' id='line_1_27' title="bbox 248 3050 1347 3142; baseline 0.004 -25"><span class='ocrx_word' id='word_1_205' title='bbox 248 3051 432 3117; x_wconf 81' lang='grc' dir='ltr'>Ἀπόλλωνα</span> <span class='ocrx_word' id='word_1_206' title='bbox 453 3054 572 3117; x_wconf 89' lang='grc' dir='ltr'>λύκειον</span> <span class='ocrx_word' id='word_1_207' title='bbox 596 3054 643 3117; x_wconf 82' lang='grc' dir='ltr'>καὶ</span> <span class='ocrx_word' id='word_1_208' title='bbox 664 3050 844 3116; x_wconf 85' lang='grc' dir='ltr'>λυκοκτόνου</span> <span class='ocrx_word' id='word_1_209' title='bbox 866 3057 951 3136; x_wconf 70' lang='lat' dir='ltr'>dccl.</span> <span class='ocrx_word' id='word_1_210' title='bbox 990 3055 1146 3142; x_wconf 83' lang='lat' dir='ltr'>Porphyr.</span> <span class='ocrx_word' id='word_1_211' title='bbox 1163 3054 1204 3119; x_wconf 88' lang='lat' dir='ltr'>de</span> <span class='ocrx_word' id='word_1_212' title='bbox 1218 3056 1347 3122; x_wconf 85' lang='lat' dir='ltr'>Abstin.</span> 
     </span>
     <span class='ocr_line' id='line_1_28' title="bbox 247 3153 1350 3241; baseline 0.007 -22"><span class='ocrx_word' id='word_1_213' title='bbox 247 3174 278 3241; x_wconf 78' lang='grc'><strong>3.</strong></span> <span class='ocrx_word' id='word_1_214' title='bbox 305 3178 336 3241; x_wconf 89' lang='lat' dir='ltr'>p.</span> <span class='ocrx_word' id='word_1_215' title='bbox 357 3157 428 3237; x_wconf 85' lang='lat'>287.</span> <span class='ocrx_word' id='word_1_216' title='bbox 455 3156 513 3219; x_wconf 85' lang='grc' dir='ltr'>Καὶ</span> <span class='ocrx_word' id='word_1_217' title='bbox 532 3157 660 3234; x_wconf 86' lang='grc' dir='ltr'>τούνομο</span> <span class='ocrx_word' id='word_1_218' title='bbox 682 3159 735 3218; x_wconf 82' lang='grc' dir='ltr'>τοῦ</span> <span class='ocrx_word' id='word_1_219' title='bbox 757 3153 926 3236; x_wconf 71' lang='grc' dir='ltr'>θρέψαντος</span> <span class='ocrx_word' id='word_1_220' title='bbox 953 3156 1073 3238; x_wconf 76' lang='grc' dir='ltr'>ἔφερον.</span> <span class='ocrx_word' id='word_1_221' title='bbox 1108 3158 1179 3221; x_wconf 81' lang='grc' dir='ltr'>ὅθεν</span> <span class='ocrx_word' id='word_1_222' title='bbox 1201 3159 1248 3222; x_wconf 80' lang='grc' dir='ltr'>καὶ</span> <span class='ocrx_word' id='word_1_223' title='bbox 1271 3163 1350 3227; x_wconf 79' lang='grc' dir='ltr'>θεοῖς</span> 
     </span>
     <span class='ocr_line' id='line_1_29' title="bbox 250 3257 1347 3343; baseline 0.002 -22"><span class='ocrx_word' id='word_1_224' title='bbox 250 3259 421 3339; x_wconf 76' lang='grc' dir='ltr'>ἐπωνυμίαι,</span> <span class='ocrx_word' id='word_1_225' title='bbox 438 3259 576 3343; x_wconf 77' lang='grc' dir='ltr'>Διονύσῳ</span> <span class='ocrx_word' id='word_1_226' title='bbox 597 3260 653 3337; x_wconf 73' lang='grc' dir='ltr'>μὲν</span> <span class='ocrx_word' id='word_1_227' title='bbox 671 3259 867 3340; x_wconf 83' lang='grc' dir='ltr'>Εἶραφιιύιης,</span> <span class='ocrx_word' id='word_1_228' title='bbox 881 3257 1055 3324; x_wconf 80' lang='grc' dir='ltr'>Ἀπόλλωνι</span> <span class='ocrx_word' id='word_1_229' title='bbox 1076 3262 1109 3324; x_wconf 79' lang='grc' dir='ltr'>δὲ</span> <span class='ocrx_word' id='word_1_230' title='bbox 1127 3260 1257 3327; x_wconf 88' lang='grc' dir='ltr'>Λύκειος.</span> <span class='ocrx_word' id='word_1_231' title='bbox 1296 3261 1347 3323; x_wconf 86' lang='lat' dir='ltr'>Cl&#39;.</span> 
     </span>
     <span class='ocr_line' id='line_1_30' title="bbox 250 3360 1346 3448; baseline 0 -23"><span class='ocrx_word' id='word_1_232' title='bbox 250 3362 386 3426; x_wconf 89' lang='lat' dir='ltr'>Pausan.</span> <span class='ocrx_word' id='word_1_233' title='bbox 418 3383 444 3440; x_wconf 88' lang='lat'>1,</span> <span class='ocrx_word' id='word_1_234' title='bbox 473 3382 521 3446; x_wconf 85' lang='lat'>19.</span> <span class='ocrx_word' id='word_1_235' title='bbox 553 3381 582 3441; x_wconf 86' lang='lat'>2,</span> <span class='ocrx_word' id='word_1_236' title='bbox 611 3382 658 3445; x_wconf 92' lang='lat'>19.</span> <span class='ocrx_word' id='word_1_237' title='bbox 689 3360 742 3425; x_wconf 91' lang='lat' dir='ltr'>ubi</span> <span class='ocrx_word' id='word_1_238' title='bbox 773 3360 940 3448; x_wconf 84' lang='lat' dir='ltr'>legendum</span> <span class='ocrx_word' id='word_1_239' title='bbox 970 3362 1096 3425; x_wconf 82' lang='grc' dir='ltr'>Λυκείου</span> <span class='ocrx_word' id='word_1_240' title='bbox 1127 3383 1166 3424; x_wconf 88' lang='lat' dir='ltr'>ex</span> <span class='ocrx_word' id='word_1_241' title='bbox 1198 3361 1346 3448; x_wconf 90' lang='lat' dir='ltr'>Sophocl.</span> 
     </span>
     <span class='ocr_line' id='line_1_31' title="bbox 249 3461 1347 3550; baseline -0.001 -24"><span class='ocrx_word' id='word_1_242' title='bbox 249 3463 367 3528; x_wconf 83' lang='lat' dir='ltr'>Electr.</span> <span class='ocrx_word' id='word_1_243' title='bbox 383 3465 414 3528; x_wconf 92' lang='lat'>6.</span> <span class='ocrx_word' id='word_1_244' title='bbox 460 3463 545 3527; x_wconf 89' lang='lat' dir='ltr'>Mihi</span> <span class='ocrx_word' id='word_1_245' title='bbox 563 3486 637 3527; x_wconf 89' lang='lat' dir='ltr'>vero</span> <span class='ocrx_word' id='word_1_246' title='bbox 658 3480 853 3550; x_wconf 88' lang='lat' dir='ltr'>compertum</span> <span class='ocrx_word' id='word_1_247' title='bbox 869 3477 926 3540; x_wconf 89' lang='lat' dir='ltr'>est,</span> <span class='ocrx_word' id='word_1_248' title='bbox 949 3463 1028 3526; x_wconf 92' lang='lat' dir='ltr'>hanc</span> <span class='ocrx_word' id='word_1_249' title='bbox 1048 3485 1154 3526; x_wconf 89' lang='lat' dir='ltr'>vocem</span> <span class='ocrx_word' id='word_1_250' title='bbox 1176 3461 1347 3526; x_wconf 81' lang='lat' dir='ltr'>derivatam</span> 
     </span>
     <span class='ocr_line' id='line_1_32' title="bbox 248 3563 1347 3645; baseline -0.001 -17"><span class='ocrx_word' id='word_1_251' title='bbox 248 3587 314 3628; x_wconf 79' lang='lat' dir='ltr'>erae</span> <span class='ocrx_word' id='word_1_252' title='bbox 335 3588 355 3628; x_wconf 89' lang='lat' dir='ltr'>a</span> <span class='ocrx_word' id='word_1_253' title='bbox 375 3566 459 3644; x_wconf 77' lang='grc' dir='ltr'>λυκὴ,</span> <span class='ocrx_word' id='word_1_254' title='bbox 475 3566 660 3645; x_wconf 75' lang='lat' dir='ltr'>diluculum,</span> <span class='ocrx_word' id='word_1_255' title='bbox 675 3567 759 3630; x_wconf 86' lang='lat' dir='ltr'>unde</span> <span class='ocrx_word' id='word_1_256' title='bbox 776 3567 961 3630; x_wconf 86' lang='lat' dir='ltr'>Latinorum</span> <span class='ocrx_word' id='word_1_257' title='bbox 979 3567 1047 3629; x_wconf 76' lang='lat' dir='ltr'>luc.</span> <span class='ocrx_word' id='word_1_258' title='bbox 1082 3563 1266 3629; x_wconf 79' lang='lat' dir='ltr'>Macrobius</span> <span class='ocrx_word' id='word_1_259' title='bbox 1282 3565 1347 3627; x_wconf 87' lang='lat' dir='ltr'>Sat.</span> 
     </span>
     <span class='ocr_line' id='line_1_33' title="bbox 253 3666 1348 3752; baseline -0.001 -22"><span class='ocrx_word' id='word_1_260' title='bbox 253 3684 351 3750; x_wconf 88' lang='lat'>1,17.</span> <span class='ocrx_word' id='word_1_261' title='bbox 373 3667 417 3730; x_wconf 86' lang='lat' dir='ltr'>ait</span> <span class='ocrx_word' id='word_1_262' title='bbox 439 3674 586 3729; x_wconf 91' lang='lat' dir='ltr'>“annum</span> <span class='ocrx_word' id='word_1_263' title='bbox 611 3667 808 3732; x_wconf 79' lang='lat' dir='ltr'>vetustissimi</span> <span class='ocrx_word' id='word_1_264' title='bbox 835 3670 1021 3733; x_wconf 83' lang='lat' dir='ltr'>Graecorum</span> <span class='ocrx_word' id='word_1_265' title='bbox 1044 3667 1220 3747; x_wconf 72' lang='grc' dir='ltr'>λυκάβαντα</span> <span class='ocrx_word' id='word_1_266' title='bbox 1242 3666 1348 3752; x_wconf 80' lang='lat' dir='ltr'>appel-</span> 
     </span>
     <span class='ocr_line' id='line_1_34' title="bbox 248 3767 1349 3851; baseline 0.001 -20"><span class='ocrx_word' id='word_1_267' title='bbox 248 3768 325 3846; x_wconf 88' lang='lat' dir='ltr'>lant,</span> <span class='ocrx_word' id='word_1_268' title='bbox 340 3767 393 3832; x_wconf 84' lang='grc' dir='ltr'>τὸν</span> <span class='ocrx_word' id='word_1_269' title='bbox 413 3768 471 3832; x_wconf 76' lang='grc' dir='ltr'>ὑπὸ</span> <span class='ocrx_word' id='word_1_270' title='bbox 493 3772 546 3831; x_wconf 80' lang='grc' dir='ltr'>τοῦ</span> <span class='ocrx_word' id='word_1_271' title='bbox 565 3769 668 3844; x_wconf 88' lang='grc' dir='ltr'>λύκου,</span> <span class='ocrx_word' id='word_1_272' title='bbox 683 3768 704 3831; x_wconf 89' lang='grc'>1.</span> <span class='ocrx_word' id='word_1_273' title='bbox 722 3792 747 3832; x_wconf 90' lang='lat' dir='ltr'>e.</span> <span class='ocrx_word' id='word_1_274' title='bbox 765 3768 839 3847; x_wconf 84' lang='lat' dir='ltr'>sole,</span> <span class='ocrx_word' id='word_1_275' title='bbox 854 3771 1038 3849; x_wconf 85' lang='grc' dir='ltr'>βαινόμενον</span> <span class='ocrx_word' id='word_1_276' title='bbox 1053 3771 1101 3834; x_wconf 71' lang='grc' dir='ltr'>καὶ</span> <span class='ocrx_word' id='word_1_277' title='bbox 1120 3769 1349 3851; x_wconf 84' lang='grc' dir='ltr'>μετρούμενον.”</span> 
     </span>
     <span class='ocr_line' id='line_1_35' title="bbox 249 3869 1347 3958; baseline 0 -24"><span class='ocrx_word' id='word_1_278' title='bbox 249 3872 295 3934; x_wconf 88' lang='lat' dir='ltr'>Et</span> <span class='ocrx_word' id='word_1_279' title='bbox 311 3892 371 3934; x_wconf 92' lang='lat' dir='ltr'>non</span> <span class='ocrx_word' id='word_1_280' title='bbox 388 3869 488 3934; x_wconf 84' lang='lat' dir='ltr'>solum</span> <span class='ocrx_word' id='word_1_281' title='bbox 504 3869 715 3948; x_wconf 80' lang='lat' dir='ltr'>vetustissimi,</span> <span class='ocrx_word' id='word_1_282' title='bbox 731 3870 783 3935; x_wconf 87' lang='lat' dir='ltr'>sed</span> <span class='ocrx_word' id='word_1_283' title='bbox 800 3886 831 3936; x_wconf 86' lang='lat' dir='ltr'>et</span> <span class='ocrx_word' id='word_1_284' title='bbox 850 3872 1045 3951; x_wconf 80' lang='lat' dir='ltr'>recentiores,</span> <span class='ocrx_word' id='word_1_285' title='bbox 1062 3897 1088 3937; x_wconf 90' lang='lat' dir='ltr'>e.</span> <span class='ocrx_word' id='word_1_286' title='bbox 1104 3896 1135 3958; x_wconf 88' lang='lat' dir='ltr'>g.</span> <span class='ocrx_word' id='word_1_287' title='bbox 1151 3871 1232 3934; x_wconf 90' lang='lat' dir='ltr'>Bion</span> <span class='ocrx_word' id='word_1_288' title='bbox 1249 3874 1280 3950; x_wconf 88' lang='lat'>6,</span> <span class='ocrx_word' id='word_1_289' title='bbox 1300 3891 1347 3951; x_wconf 91' lang='lat'>14.</span> 
     </span>
     <span class='ocr_line' id='line_1_36' title="bbox 248 3972 1348 4059; baseline 0.002 -24"><span class='ocrx_word' id='word_1_290' title='bbox 248 3987 280 4036; x_wconf 89' lang='lat' dir='ltr'>et</span> <span class='ocrx_word' id='word_1_291' title='bbox 300 3972 343 4036; x_wconf 87' lang='lat' dir='ltr'>sic</span> <span class='ocrx_word' id='word_1_292' title='bbox 369 3972 530 4036; x_wconf 88' lang='lat' dir='ltr'>Heraclid.</span> <span class='ocrx_word' id='word_1_293' title='bbox 554 3975 647 4036; x_wconf 90' lang='lat' dir='ltr'>Pont.</span> <span class='ocrx_word' id='word_1_294' title='bbox 671 3972 809 4059; x_wconf 85' lang='lat' dir='ltr'>Allegor.</span> <span class='ocrx_word' id='word_1_295' title='bbox 834 3976 931 4039; x_wconf 90' lang='lat' dir='ltr'>Hom.</span> <span class='ocrx_word' id='word_1_296' title='bbox 952 3978 984 4039; x_wconf 92' lang='lat'>6.</span> <span class='ocrx_word' id='word_1_297' title='bbox 1016 3975 1088 4040; x_wconf 86' lang='lat' dir='ltr'>vid.</span> <span class='ocrx_word' id='word_1_298' title='bbox 1118 3973 1281 4040; x_wconf 86' lang='lat' dir='ltr'>Clarkium</span> <span class='ocrx_word' id='word_1_299' title='bbox 1307 3973 1348 4038; x_wconf 88' lang='lat' dir='ltr'>ad</span> 
     </span>
     <span class='ocr_line' id='line_1_37' title="bbox 250 4072 1348 4162; baseline 0.001 -25"><span class='ocrx_word' id='word_1_300' title='bbox 250 4072 343 4137; x_wconf 86' lang='lat' dir='ltr'>Iliad.</span> <span class='ocrx_word' id='word_1_301' title='bbox 368 4079 399 4137; x_wconf 92' lang='grc' dir='ltr'><strong>Γ.</strong></span> <span class='ocrx_word' id='word_1_302' title='bbox 418 4093 489 4158; x_wconf 82' lang='lat'>203.</span> <span class='ocrx_word' id='word_1_303' title='bbox 525 4073 697 4161; x_wconf 80' lang='lat' dir='ltr'>AEschylus</span> <span class='ocrx_word' id='word_1_304' title='bbox 719 4098 793 4139; x_wconf 83' lang='lat' dir='ltr'>vero</span> <span class='ocrx_word' id='word_1_305' title='bbox 814 4075 894 4140; x_wconf 87' lang='lat' dir='ltr'>ludit</span> <span class='ocrx_word' id='word_1_306' title='bbox 913 4077 944 4141; x_wconf 91' lang='lat' dir='ltr'>in</span> <span class='ocrx_word' id='word_1_307' title='bbox 964 4077 1101 4142; x_wconf 85' lang='lat' dir='ltr'>secundo</span> <span class='ocrx_word' id='word_1_308' title='bbox 1119 4079 1246 4150; x_wconf 89' lang='grc' dir='ltr'>λύκειος,</span> <span class='ocrx_word' id='word_1_309' title='bbox 1262 4075 1348 4162; x_wconf 92' lang='lat' dir='ltr'>quod</span> 
     </span>
     <span class='ocr_line' id='line_1_38' title="bbox 250 4175 1331 4268; baseline 0.005 -31"><span class='ocrx_word' id='word_1_310' title='bbox 250 4175 431 4260; x_wconf 82' lang='lat' dir='ltr'>Hesychius</span> <span class='ocrx_word' id='word_1_311' title='bbox 446 4191 528 4240; x_wconf 80' lang='lat' dir='ltr'>recte</span> <span class='ocrx_word' id='word_1_312' title='bbox 542 4176 678 4264; x_wconf 86' lang='lat' dir='ltr'>explicat</span> <span class='ocrx_word' id='word_1_313' title='bbox 693 4200 750 4265; x_wconf 88' lang='lat' dir='ltr'>per</span> <span class='ocrx_word' id='word_1_314' title='bbox 765 4179 909 4261; x_wconf 82' lang='grc' dir='ltr'>φοβερὸς,</span> <span class='ocrx_word' id='word_1_315' title='bbox 923 4180 993 4268; x_wconf 74' lang='lat' dir='ltr'>lupi</span> <span class='ocrx_word' id='word_1_316' title='bbox 1007 4181 1132 4246; x_wconf 78' lang='grc'><strong>11011111.</strong></span> <span class='ocrx_word' id='word_1_317' title='bbox 1158 4179 1331 4243; x_wconf 87' lang='lat' dir='ltr'>BLOMF.</span> 
     </span>
    </p>

    <p class='ocr_par' dir='ltr' id='par_1_11' title="bbox 293 4278 649 4363">
     <span class='ocr_line' id='line_1_39' title="bbox 293 4278 649 4363; baseline 0.008 -23"><span class='ocrx_word' id='word_1_318' title='bbox 293 4278 428 4363; x_wconf 87' lang='grc' dir='ltr'>Λύκειος]</span> <span class='ocrx_word' id='word_1_319' title='bbox 443 4281 482 4345; x_wconf 82' lang='grc' dir='ltr'>ὣς</span> <span class='ocrx_word' id='word_1_320' title='bbox 495 4281 584 4346; x_wconf 91' lang='grc' dir='ltr'>λύκος</span> <span class='ocrx_word' id='word_1_321' title='bbox 599 4281 649 4343; x_wconf 90' lang='grc' dir='ltr'><strong>Μ.</strong></span> 
     </span>
    </p>

    <p class='ocr_par' dir='ltr' id='par_1_12' title="bbox 249 4379 1350 4573">
     <span class='ocr_line' id='line_1_40' title="bbox 297 4379 1349 4472; baseline 0.009 -34"><span class='ocrx_word' id='word_1_322' title='bbox 297 4379 368 4457; x_wconf 89' lang='grc'><strong>146.</strong></span> <span class='ocrx_word' id='word_1_323' title='bbox 382 4379 484 4465; x_wconf 81' lang='grc' dir='ltr'>ἀϋτᾶς]</span> <span class='ocrx_word' id='word_1_324' title='bbox 502 4382 695 4445; x_wconf 87' lang='lat' dir='ltr'>Vocabulum</span> <span class='ocrx_word' id='word_1_325' title='bbox 710 4398 893 4470; x_wconf 84' lang='lat' dir='ltr'>corruptum</span> <span class='ocrx_word' id='word_1_326' title='bbox 909 4383 940 4446; x_wconf 92' lang='lat' dir='ltr'>in</span> <span class='ocrx_word' id='word_1_327' title='bbox 957 4406 1021 4469; x_wconf 91' lang='lat' dir='ltr'>quo</span> <span class='ocrx_word' id='word_1_328' title='bbox 1032 4384 1218 4472; x_wconf 82' lang='lat' dir='ltr'>explicando</span> <span class='ocrx_word' id='word_1_329' title='bbox 1232 4384 1349 4448; x_wconf 75' lang='lat' dir='ltr'>frustra</span> 
     </span>
     <span class='ocr_line' id='line_1_41' title="bbox 249 4478 1350 4573; baseline 0.008 -30"><span class='ocrx_word' id='word_1_330' title='bbox 249 4478 393 4544; x_wconf 84' lang='lat' dir='ltr'>laborant</span> <span class='ocrx_word' id='word_1_331' title='bbox 406 4479 587 4559; x_wconf 72' lang='lat' dir='ltr'>scholiasta,</span> <span class='ocrx_word' id='word_1_332' title='bbox 602 4504 738 4569; x_wconf 88' lang='lat' dir='ltr'>quorum</span> <span class='ocrx_word' id='word_1_333' title='bbox 760 4505 843 4549; x_wconf 82' lang='lat' dir='ltr'>unua</span> <span class='ocrx_word' id='word_1_334' title='bbox 864 4483 932 4549; x_wconf 81' lang='lat' dir='ltr'>hoec</span> <span class='ocrx_word' id='word_1_335' title='bbox 950 4485 993 4549; x_wconf 83' lang='lat' dir='ltr'>ric</span> <span class='ocrx_word' id='word_1_336' title='bbox 1014 4485 1162 4573; x_wconf 81' lang='lat' dir='ltr'>explicat,</span> <span class='ocrx_word' id='word_1_337' title='bbox 1178 4486 1350 4566; x_wconf 70' lang='grc' dir='ltr'>ἓπιβλαβῆς</span> 
     </span>
    </p>
   </div>
   <div class='ocr_carea' id='block_1_3' title="bbox 0 0 1494 5062">
    <p class='ocr_par' dir='ltr' id='par_1_13' title="bbox 0 0 1494 5062">
     <span class='ocr_line' id='line_1_42' title="bbox 0 0 1494 5062; baseline 0 0"><span class='ocrx_word' id='word_1_338' title='bbox 0 0 1494 5062; x_wconf 95' lang='lat' dir='ltr'> </span> 
     </span>
    </p>
   </div>
  </div>
 </body>
</html>
