2978 5062
521 378 588 441 AD
613 378 970 444 PROMETHEUM.
1251 376 1294 442 δί

236 542 310 625 363.
326 542 475 623 παρήορον
488 545 590 606 Turn.
614 545 770 625 παρήορον
782 543 865 606 Rob.
888 541 1046 624 πανύινρον
1059 542 1136 606 Ald.
1160 541 1292 607 Eedem

191 640 334 704 codicum
358 642 556 727 quorundam
579 643 726 707 lectiones
750 659 843 715 sunm
867 643 898 706 in
924 643 991 707 allis
1016 643 1181 726 παράορον.
1228 645 1290 708 Sed

195 763 297 806 veram
313 743 497 830 scripturam
520 744 672 826 παράορον
688 744 773 809 solus
794 745 929 809 servavit
946 746 996 822 M,
1012 767 1050 808 ex
1066 767 1129 831 qua
1144 760 1292 833 corrupta

192 859 267 907 sunt
276 843 330 908 illa
339 844 500 928 πανύιιραν
510 861 540 910 et
549 845 718 926 παράορον.
740 846 892 928 παρήορον
900 845 954 931 qui
966 861 1151 931 posuerunt,
1162 847 1292 910 sonasse

194 945 398 1009 Homericum
422 970 545 1011 versum
569 948 600 1010 in
624 960 728 1012 mente
748 947 929 1012 habuerunt
944 947 1036 1011 lliad.
1060 954 1102 1026 H,
1126 951 1196 1033 156.
1218 955 1292 1012 πολ-

192 1045 246 1112 λὸς
260 1045 317 1129 γάρ
332 1073 376 1114 τις
391 1049 486 1113 ἔκειτο
501 1049 648 1131 παρήορος
664 1051 737 1113 ἔνθα
752 1051 800 1113 καὶ
815 1051 898 1114 ἔνθα.
957 1107 974 1144 ν

235 1149 309 1231 365.
332 1149 489 1227 ἰπούμενος
511 1150 549 1211 C.
572 1163 604 1211 et
627 1170 690 1210 var.
714 1146 784 1211 lect.
805 1147 836 1210 in
864 1149 903 1210 B.
929 1152 1085 1227 ἰπούμενος
1105 1154 1139 1234 (ν
1157 1173 1177 1213 a
1195 1170 1292 1214 manu

193 1247 376 1328 recentiore)
394 1251 444 1311 M.
470 1248 597 1334 Reliqui
612 1248 704 1312 codd.
718 1263 751 1312 et
768 1248 841 1313 edd.
858 1264 976 1314 veteres
992 1253 1176 1330 ἰπνούμενος.
1218 1252 1293 1314 Ver·

193 1350 268 1413 hum
286 1352 373 1413 ἰποῦν
387 1372 427 1412 ex
443 1349 597 1436 AEschylo
612 1365 762 1414 memorat
777 1351 966 1415 Eustathius
979 1375 1011 1438 p.
1028 1356 1076 1417 16.

235 1451 361 1532 ῥίζαισιν
377 1451 487 1537 Steph.
502 1453 617 1533 ῥίζῃσιν
632 1450 709 1515 Ald.
726 1450 809 1515 Rob.
823 1453 926 1515 Turn.
942 1468 972 1517 et
987 1453 1079 1516 codd.
1095 1451 1245 1516 nonnulli.

237 1553 310 1637 367.
326 1552 426 1636 ἔνθεν]
442 1551 554 1616 ἐνθένδ’
572 1554 636 1616 duo
649 1551 740 1616 codd.

236 1652 633 1733 ispopioovrct-stehlns
646 1655 768 1735 λενροίνς
782 1654 866 1739 γύας]
890 1655 1063 1719 Prtedicere
1080 1656 1139 1719 hoc
1153 1655 1221 1719 loco
1234 1655 1291 1718 fiu-

192 1754 281 1840 gitur
295 1754 504 1819 Prometheus
518 1754 605 1840 quod
622 1777 654 1817 re
668 1777 739 1818 vera
755 1755 872 1819 sactum
890 1779 954 1820 esse
965 1755 1082 1843 olymp.
1099 1773 1115 1839 7
1116 1772 1151 1841 5,
1166 1776 1194 1821 α.
1211 1776 1292 1820 mar-

194 1856 288 1919 moris
303 1856 386 1919 Parii
402 1855 465 1919 fide
480 1869 601 1920 constat
615 1855 646 1918 in
663 1853 802 1920 Boeclch.
819 1859 916 1943 Corp.
934 1858 1032 1921 Inscr.
1048 1857 1107 1921 vol.
1126 1876 1154 1923 ν.
1173 1879 1204 1943 p.
1216 1875 1291 1943 302,

194 1959 248 2021 68.
264 1957 316 2039 ἀφ’
333 1958 368 2020 ού
382 1959 400 2035 ἡ
415 1959 450 2021 ἰν
465 1961 634 2025 Πλαταιαῖς
651 1955 733 2039 μάχη
749 1957 869 2038 ἐγένετο
883 1958 1054 2037 Ἀθηναίοις
1075 1961 1148 2042 πρὸς
1171 1962 1290 2039 Μαρδό-

195 2084 260 2124 νιον
280 2060 335 2122 τὸν
354 2058 467 2141 Ξέρξου
487 2058 666 2140 στρατηγὸν,
687 2058 724 2137 ἣν
746 2062 852 2124 ἐνίκων
874 2060 1037 2140 Ἀθηναῖοι,
1057 2061 1104 2125 καὶ
1123 2061 1293 2141 Μαρδόνιος

193 2164 390 2241 ἐτελεύτησεν
409 2163 497 2248 ἐντῇ
518 2157 610 2246 μίχη,
626 2161 675 2225 καί
694 2161 728 2224 τὸ
743 2166 800 2241 πΰρ
823 2161 910 2242 έρρύη
937 2166 1008 2225 κᾶον
1029 2164 1063 2225 έν
1084 2160 1207 2245 Σικελίᾳ
1225 2163 1293 2244 περὶ
1394 2191 1398 2199 ·

194 2263 247 2340 τὴν
264 2266 384 2340 Αἴτνην,
408 2262 459 2340 έτη
486 2267 638 2335 ΗΗΔΠΙ,
662 2262 808 2343 ἄρχοντος
828 2259 973 2340 Ἀθήνησι
995 2263 1178 2327 Ξαντίππον.
1224 2262 1292 2324 Nec

194 2362 277 2449 sugit
297 2362 358 2427 hoc
379 2361 569 2439 scholiastes,
592 2383 728 2447 quorum
751 2361 920 2448 antiquior,
940 2364 1088 2441 ποταμοὺς
1113 2365 1155 2439 δὲ,
1177 2362 1291 2447 inquit,

193 2464 285 2544 πυρὸς
306 2465 374 2530 τοὺς
396 2466 470 2528 κατὰ
492 2464 635 2527 Σικελίαν
647 2460 757 2543 ῥύακάς
786 2471 861 2544 φησι
884 2464 950 2544 περί
971 2462 1013 2526 ὧν
1029 2464 1174 2542 ἠκούομεν
1188 2461 1293 2528 πύλαι.

196 2568 253 2630 Καὶ
274 2570 351 2630 κατὰ
373 2567 438 2633 τοὺς
461 2564 597 2647 Ἱέρωνος
622 2568 748 2648 χρόνους
774 2566 847 2628 κατὰ
872 2565 907 2627 τὸ
931 2564 1028 2644 μέσον
1051 2565 1170 2646 ῥυέντες
1191 2568 1293 2628 πολλὰ

194 2664 366 2748 διέφθειραν
379 2667 483 2749 χωρία.
507 2665 669 2739 recentior,
683 2666 715 2728 ἐκ
729 2670 779 2744 τῆς
793 2669 899 2746 Αἴτνης
913 2663 1183 2746 έκσπασθήσονται·
1207 2669 1293 2729 τοῦτο

194 2768 228 2828 δέ
243 2765 353 2848 γέγονε
375 2771 449 2831 κατὰ
471 2768 538 2834 τοὺς
553 2765 690 2848 Ἱέρωνος
711 2766 847 2850 χρόνους,
864 2768 913 2830 ὅτε
937 2767 984 2830 καί
999 2769 1152 2850 Αἰσχύλος
1172 2767 1292 2847 ἤκμαζε.

197 2867 260 2929 Ρτο
284 2866 435 2944 Hierone,
463 2868 488 2932 si
512 2868 687 2932 accuratius
704 2867 791 2954 loqui
816 2867 984 2931 voluissent
1006 2866 1190 2947 scholiasta,
1211 2867 1293 2931 Gelo

195 2967 299 3053 potius
327 2968 478 3032 nominari
508 2969 684 3033 debuisset:
719 2969 769 3032 cui
798 2967 899 3031 Hiero
927 2967 1072 3032 successit
1101 2969 1132 3032 in
1161 2968 1293 3055 imperio

194 3067 313 3155 olymp.
329 3086 346 3150 7
349 3086 382 3152 5,
391 3089 423 3153 3.
456 3069 725 3156 Quinquagesimo
745 3083 818 3133 ante
835 3068 953 3154 olymp.
970 3069 1024 3146 88,
1038 3089 1070 3153 3.
1089 3092 1183 3146 anno,
1197 3070 1231 3134 id
1246 3087 1292 3135 est

194 3169 314 3257 olymp.
332 3173 383 3252 76,
403 3192 415 3234 r
435 3171 484 3235 vel
509 3189 537 3235 α.
556 3173 665 3235 AEtnae
687 3171 766 3234 hanc
788 3170 981 3255 eruptionem
1003 3170 1140 3256 assignat
1155 3170 1290 3258 Thucy·

193 3271 283 3335 clides
297 3291 329 3356 3,
351 3274 420 3336 116.
443 3294 537 3359 quem
554 3272 751 3336 manifestum
767 3286 815 3335 est
828 3293 960 3334 numero
975 3272 1020 3334 uti
1042 3272 1189 3347 rotundo,
1205 3274 1292 3353 ἐρρύη

195 3375 226 3436 δὲ
241 3374 309 3454 περί
324 3373 396 3438 αὐτὸ
410 3373 444 3436 τὸ
460 3374 514 3454 έαρ
528 3379 615 3437 τοῦτο
629 3376 646 3437 ὁ
659 3375 733 3455 ῥύαξ
752 3379 804 3436 τοῦ
826 3371 917 3452 πυρὸς
939 3374 972 3435 ἐκ
993 3376 1043 3450 τῆς
1058 3375 1173 3451 Αἴτνης,
1190 3374 1292 3451 ὥσπερ

194 3475 244 3536 καί
258 3473 292 3536 τὸ
307 3474 463 3555 πρότερον.
486 3475 535 3539 καὶ
556 3480 614 3557 γῆν
635 3500 702 3539 τινα
724 3474 844 3555 ἔφθειρε
866 3478 925 3535 τῶν
944 3473 1129 3546 Καταναίων,
1145 3474 1174 3537 οἰ
1189 3474 1237 3537 ἐπὶ
1257 3477 1292 3559 τῇ

195 3578 288 3653 Αἴτνη
309 3579 349 3660 τιρ
372 3577 436 3656 ὄρει
455 3579 599 3649 οἰκοῦσιν,
615 3578 689 3657 ὅπερ
707 3574 853 3657 μέγιστόν
867 3576 950 3636 ἐστιν
964 3575 1033 3654 ὅρος
1054 3575 1137 3661 έντῇ
1160 3577 1291 3659 Σικελίᾳ.

193 3675 316 3756 λέγεται
330 3679 363 3739 δέ
377 3682 567 3761 πεντηκοστῷ
583 3678 644 3741 έτει
663 3679 768 3758 ῥυῆναι
786 3681 874 3739 τοῦτο
892 3676 967 3754 μετὰ
981 3673 1015 3737 τὸ
1030 3677 1175 3757 πρότερον
1187 3679 1290 3758 ῥεῦμα,
1399 3680 1405 3691 ’

194 3777 230 3839 τὸ
245 3779 277 3839 δὲ
292 3779 407 3857 ξύμπαν
422 3779 482 3858 τρίς
497 3781 679 3860 γεγενῆσθαι
692 3777 726 3840 τὸ
740 3779 833 3858 ῥεῦμα
848 3775 900 3856 ἀφ’
916 3777 951 3840 οὗ
966 3779 1089 3841 Σικελία
1110 3779 1167 3842 ὑπὸ
1180 3777 1292 3857 Ἐλλή-

195 3902 256 3941 νων
269 3880 399 3942 οἰκεῖται.
446 3880 498 3942 De
512 3893 652 3965 tempore
667 3877 783 3942 fabulae
799 3878 978 3964 AEschyleae
1000 3902 1038 3940 ex
1063 3878 1110 3940 his
1132 3878 1208 3940 nihil
1227 3900 1292 3941 am-

194 3977 278 4064 plius
302 3977 446 4065 colligere
471 3979 541 4043 licet
563 4002 656 4066 quam
683 3991 753 4064 post
772 3979 891 4064 olymp.
913 3996 929 4062 7
933 3998 966 4062 3,
988 3998 1017 4040 2.
1041 3979 1185 4065 scriptam
1205 3999 1289 4042 esse:

193 4082 302 4165 paucis
314 4102 355 4144 an
371 4079 477 4144 multia
500 4093 569 4166 post
593 4080 672 4144 illud
693 4096 816 4165 tempus
837 4080 937 4158 annis,
955 4080 986 4142 in
1008 4079 1112 4143 medio
1131 4096 1179 4144 est
1200 4079 1290 4144 relin-

191 4179 366 4265 quendum.
413 4182 489 4244 Post
512 4180 628 4267 olymp.
653 4184 705 4263 76,
726 4202 757 4261 4
780 4182 925 4267 scriptam
947 4200 1012 4243 esse
1035 4180 1165 4244 sortasse
1190 4203 1229 4244 ex
1254 4205 1292 4245 εο

191 4281 265 4366 quis
294 4280 417 4367 colligat
449 4281 536 4365 quod
565 4280 737 4367 tetralogia,
764 4282 796 4345 in
821 4304 886 4366 qua
913 4281 1117 4344 Prometheus
1139 4281 1291 4364 πορφύρας

193 4380 266 4457 luit,
281 4381 337 4445 illo
349 4405 433 4446 anno
446 4382 477 4445 io
492 4405 615 4447 scenam
627 4381 780 4467 producta
794 4382 874 4444 fuit:
898 4404 1078 4466 quanquam
1092 4380 1152 4446 hoc
1163 4404 1291 4470 quoque

733 4503 755 4542 Η
1270 4497 1276 4507 ,
