2978 5062
324 355 392 419 AD
416 354 608 420 SEPTEM
631 356 879 421 ADVERSUS
903 358 1106 423 THEBAS.
1204 360 1268 426 187

169 526 227 606 γὰρ
241 522 393 587 sententia
406 521 572 607 admittit),
587 521 672 609 quod
688 523 743 588 diu
759 522 849 588 latuit
865 524 896 587 in
909 523 1131 611 Aristophanis
1142 524 1268 591 Avibus

169 646 199 687 v.
217 642 267 710 23.
283 624 333 688 cui
349 646 451 710 nuper
465 623 587 689 restitui
601 623 787 712 exemplaris
802 625 993 690 Ravennatis
1006 625 1130 692 indicio.

214 725 273 789 lv.
298 724 467 814 Sophocles
482 726 646 812 Antigona
659 749 690 789 v.
707 742 779 808 747.

298 828 351 892 oris
365 829 404 892 ἂν
418 828 500 896 ἕλοις
513 829 599 908 ἥσσω
614 853 650 910 γε
665 833 723 891 τῶν
739 830 873 911 αἰσχρῶν
888 828 951 908 ἐμέ.

128 1007 130 1010 ⁴
170 925 275 1015 Vulgo
289 928 343 992 οὐκ
357 930 396 992 ἄν
409 928 447 1011 γ’.
470 954 507 1011 γε
522 940 604 993 recte
618 929 724 993 abesse
738 929 780 993 ab
794 928 874 993 libro
889 931 1081 1016 Augustano
1094 929 1167 994 olim
1178 929 1267 1017 judi-

170 1029 251 1107 cavi,
278 1031 566 1116 confirmaruntque
595 1029 778 1094 sententiam
810 1042 945 1094 nostram
975 1031 1097 1096 codices
1126 1030 1270 1096 Elmsleii

171 1142 331 1217 quattuor.
376 1129 482 1195 Facile
496 1130 595 1217 igitur
609 1130 703 1194 fidem
719 1131 922 1210 inveniemus,
939 1132 964 1195 si
979 1132 1010 1195 in

215 1233 255 1297 V.
277 1234 517 1319 Agamemnone
532 1231 677 1319 AEschyli
692 1256 720 1296 v.
736 1252 811 1317 341.

301 1334 354 1397 οὐκ
368 1333 406 1397 ἄν
419 1332 447 1414 γ’
463 1335 585 1400 ἑλόντες
600 1334 682 1400 αὖθις
695 1335 858 1398 ἀνθαλοῖεν
872 1335 919 1408 ἄν,

172 1435 354 1522 particulam
370 1461 407 1516 γε
421 1457 483 1499 non
499 1435 633 1499 melioris
647 1457 743 1520 quam
753 1435 784 1498 in
802 1432 956 1521 Sophocle
968 1447 1050 1498 notre
1061 1458 1127 1499 esse
1137 1434 1270 1500 affirma·

173 1561 252 1602 mus.
296 1538 393 1602 Afuit
415 1538 500 1602 haud
523 1537 619 1602 dubie
642 1536 721 1602 libro
736 1537 894 1615 Mediceo,
915 1559 953 1601 ex
976 1559 1042 1624 quo
1064 1537 1131 1602 haec
1153 1538 1271 1604 sabulae

172 1661 245 1726 pars
265 1639 391 1717 excidit,
408 1639 596 1726 videturque
612 1638 765 1703 Triclinio
785 1638 904 1717 deberi,
918 1639 1011 1725 cujus
1032 1661 1072 1703 ex
1094 1641 1271 1707 recensione

173 1740 284 1806 lacuna
297 1740 411 1805 codicis
425 1740 509 1804 illius
523 1740 648 1828 expleta
662 1756 718 1806 est.

217 1846 276 1910 VI.
300 1844 472 1932 Euripides
488 1844 596 1909 Rheso
610 1868 639 1907 v.
656 1846 731 1928 561.

302 1949 449 2026 διόλολε;
472 1945 537 2030 τάχ’
554 1947 591 2011 ἂν
607 1950 651 2025 εἴη
667 1948 813 2029 φοβερόν.

174 2047 279 2134 Vulgo
292 2050 447 2123 διόλωλεν,
463 2048 550 2136 quod
572 2048 666 2112 mirer
687 2046 719 2110 ni
741 2047 773 2111 in
796 2069 861 2112 uno
881 2046 1018 2111 alterove
1039 2046 1145 2111 codioe
1166 2070 1271 2111 emen·

174 2149 246 2214 date
260 2150 409 2236 scriptum
425 2164 535 2216 exstet.
570 2150 675 2214 Satius
689 2149 799 2214 fuisset
814 2148 956 2214 Triclinii
971 2149 1116 2236 exemplo
1130 2150 1168 2214 du
1182 2148 1210 2232 γ’
1226 2152 1271 2230 εἴη

174 2275 288 2339 ponere
302 2276 397 2339 quam
412 2275 537 2317 versum
553 2263 616 2316 tam
629 2250 869 2315 immodulatum
885 2247 1066 2337 procudere.

219 2354 298 2419 VII.
323 2353 494 2441 Euripides
509 2353 627 2418 Medea
642 2376 671 2417 v.
690 2354 763 2436 867.

302 2456 355 2520 οὐκ
369 2456 407 2520 ἃν
421 2455 563 2537 λμόρτοις
577 2454 664 2521 τοῦδέ
678 2453 717 2538 γ’,
733 2453 802 2519 ἀλλ’
818 2455 992 2534 ἀκούσομαι.

176 2556 282 2620 Aldus
296 2556 350 2622 οὐκ
364 2556 457 2640 ἂνγ’,
473 2557 528 2645 qui
549 2572 581 2622 et
599 2557 721 2622 codices
743 2570 864 2621 tantum
888 2579 950 2621 non
972 2579 1080 2621 omnes
1100 2555 1195 2620 habet
1216 2554 1272 2619 ud·

175 2680 279 2722 versos
294 2671 326 2722 et
340 2657 521 2745 scriptorem
538 2658 655 2724 Christi
671 2658 817 2746 patientis
832 2682 863 2723 v.
877 2660 970 2745 1983.

219 2761 322 2824 VIII.
341 2760 512 2848 Euripides
525 2760 707 2825 Troadibus
721 2782 751 2825 v.
766 2780 840 2844 409.

304 2864 332 2927 εἰ
344 2861 385 2943 μή
400 2861 428 2925 σ’
442 2861 603 2927 Ἀπόλλων
618 2862 839 2946 ἐξεβάκχενσεν
854 2860 976 2944 φρένας,

302 2963 355 3027 οὐκ
369 2963 407 3029 ἂν
421 2964 524 3044 ἀμισθὶ
538 2965 606 3032 τοὺς
620 2965 707 3044 ἐμοὺς
721 2964 1144 3047 στρατηλάτας-ἐξέπεμπες.

177 3066 229 3129 Ita
242 3065 339 3130 codex
357 3066 525 3131 Vaticanus
539 3087 613 3153 909,
628 3067 767 3154 optimus
780 3066 933 3145 omnium,
948 3082 980 3131 et
996 3066 1186 3131 Havniensis
1201 3084 1274 3130 cum

177 3166 369 3232 Florentino.
413 3167 530 3247 Aldus,
548 3185 693 3256 utsupra
712 3169 744 3232 in
763 3170 833 3234 looo
857 3168 1042 3256 Sophocleo,
1057 3171 1163 3233 οὔκουν
1176 3166 1273 3246 dedit,

176 3269 351 3334 adamatam
371 3269 444 3336 huic
462 3271 640 3337 criticorum
660 3270 767 3358 generi
782 3270 936 3349 voculam,
952 3292 1014 3334 non
1030 3270 1133 3333 minus
1151 3269 1276 3334 lncaute

176 3373 207 3437 in
224 3372 355 3438 Helenae
371 3396 478 3438 versus
492 3394 506 3437 1
510 3375 583 3459 561.
599 3394 612 3436 r
616 3387 691 3457 597.
706 3370 836 3449 illatam,
854 3371 909 3436 ubi
924 3391 1008 3434 nunc
1028 3371 1080 3434 οὐκ
1100 3370 1136 3434 εἶ’
1155 3384 1202 3435 est
1224 3392 1275 3434 re·

177 3474 334 3541 stitutum.
377 3474 466 3540 Aldo
492 3491 596 3540 autem
623 3473 675 3538 hic
699 3487 730 3537 et
751 3471 825 3536 alibi
852 3471 1012 3537 brevitatis
1036 3494 1145 3536 caussa
1170 3471 1276 3536 tribuo

177 3576 334 3664 quidquid
348 3576 381 3641 in
395 3578 464 3665 ejus
477 3575 666 3642 editionibus
679 3574 806 3662 legitur,
822 3573 887 3639 sive
901 3573 1000 3663 ipsius
1011 3586 1058 3639 est
1072 3573 1135 3638 sive
1147 3572 1275 3638 aliunde

179 3695 352 3766 sumptum.

223 3783 292 3846 IX.
316 3783 362 3846 X.
386 3781 455 3844 XI.
478 3780 649 3868 Euripides
664 3779 788 3845 Helena
803 3804 832 3846 v.
847 3796 941 3867 1045.

308 3885 361 3948 οὐκ
374 3883 413 3948 ἃν
427 3881 581 3967 ἀνάσχοιτ’
597 3883 665 3946 οὐδὲ
680 3881 835 3966 σιγήσειεν
850 3884 888 3948 ἃν

306 3984 447 4069 μέλλοντ’
464 3986 582 4068 ἀδελφὴ
597 3987 748 4068 σύγγονον
763 3990 963 4050 κατακτενεῖν.

180 4089 321 4155 Hercule
334 4089 459 4153 furente
473 4110 503 4150 v.
518 4105 557 4154 12
557 4105 610 4172 54

308 4191 361 4255 οὐκ
373 4190 411 4254 dv
425 4187 583 4272 ἀνάσχοιθ’
598 4187 714 4255 Ἑλλὰς
728 4188 838 4272 ἀμαθίᾳ
853 4191 966 4252 θανεῖν.

179 4292 294 4359 ibidem
311 4315 341 4358 v.
356 4293 427 4356 186.

309 4396 429 4476 Δίρφυν
442 4390 467 4455 τ’
484 4394 609 4474 ἐρωτῶν,
625 4392 645 4471 ἥ
660 4389 688 4454 σ’
705 4391 821 4473 ἔθρεψ’,
835 4388 1011 4470 Ἀβαντίδα,

308 4496 361 4560 οὐκ
375 4494 414 4561 ἂν
429 4494 673 4561 ἑπαινέσειεν-.

706 4617 729 4659 Α
744 4616 763 4660 8
779 4611 798 4660 2
