2978 5062
190 331 233 396 46
519 382 523 388 .
552 330 932 394 ANNOTATIONES

190 492 341 557 niciosum
358 507 440 555 recte
454 489 567 555 delevit
585 488 773 553 Brunckius.
799 489 992 572 Corruptum
1010 487 1135 552 videtur
1148 511 1186 552 ex
1204 491 1293 569 ὅμως,

189 617 255 680 quo
270 594 364 673 ἔμπας
380 614 461 656 unus
475 615 513 655 cx
529 589 701 654 scholiastis
714 589 946 672 interpretatur.

237 694 307 757 188.
322 691 405 774 ποθ]
420 691 480 755 τόθ’
498 690 563 754 duo
577 689 669 755 codd.

192 844 198 868 ,.
233 796 322 882 ὅταν]
339 793 380 858 ἀπ’
398 795 436 859 ἂν
451 795 501 858 Μ.
518 796 603 857 Rob.

233 895 354 980 ῥαισθῇ]
375 898 469 981 ρεχθῇ
494 893 584 959 codd.
609 891 761 978 quinque,
785 891 870 976 quod
895 889 927 953 iu
953 889 1021 955 aliis
1044 890 1234 976 quibusdam
1259 894 1292 958 in

189 999 303 1083 ρεγχθῇ
326 995 374 1060 vel
396 999 504 1078 ραιχθῇ
527 1008 721 1079 corruptum.
753 994 846 1079 ῥεχθῇ
868 1014 926 1078 pro
950 992 1034 1056 varin
1051 992 1183 1057 lectione
1204 997 1291 1059 Ab,

190 1121 261 1162 cum
277 1097 320 1183 gl.
336 1099 429 1178 ἤγουν
443 1097 517 1159 ὅταν
530 1100 688 1176 πραχθῶσι
702 1096 739 1156 πα
753 1094 912 1175 πράγματα
926 1096 1017 1161 orbor
1031 1096 1070 1160 ὡς
1083 1093 1175 1177 λέγω.

194 1252 200 1262 .
237 1219 309 1282 191.
333 1202 375 1265 εἰς
396 1197 511 1279 ἀρθμὸν
526 1195 667 1277 (ἀριθμὸν
681 1193 802 1280 aliquot
819 1194 909 1258 codd.
926 1217 997 1259 cum
1014 1195 1092 1259 Ald.
1107 1197 1209 1280 Rob.)
1225 1199 1292 1276 ἐμοὶ

191 1301 239 1365 καὶ
254 1297 418 1383 φιλότιμα]
443 1299 575 1360 Homer.
594 1295 634 1358 Il.
651 1301 692 1374 Η,
703 1313 778 1378 502.
794 1294 835 1359 'H
851 1294 876 1358 δ’
893 1294 954 1359 αὖτ’
970 1298 1005 1359 ἐν
1019 1298 1157 1376 φιλότητι
1172 1295 1290 1377 διέτμα-

189 1427 246 1484 γεν
266 1399 467 1481 ἀρθμήσαντε.
491 1399 614 1484 Hymu.
636 1396 677 1459 ad
700 1397 840 1460 Mercur.
855 1415 932 1481 521.
946 1397 1091 1477 Λητοΐδης
1110 1397 1292 1464 κατένευσεν

191 1503 236 1564 ἐπ’
261 1503 361 1584 ἀρθμῷ
384 1501 433 1562 καὶ
455 1501 603 1581 φιλότητι.
636 1497 764 1583 quicum
790 1495 1001 1560 Ruhnkenius
1024 1499 1129 1582 Epist.
1152 1500 1231 1564 Crit.
1261 1522 1292 1565 1.

190 1621 223 1687 p.
240 1601 289 1665 28.
305 1615 465 1686 comparat
480 1597 603 1663 Collim.
621 1600 674 1660 Fr.
692 1616 760 1680 199.
775 1597 907 1679 Ἀρθμδν
925 1597 950 1662 δ’
966 1599 1145 1680 ἀμφοτέροις
1168 1603 1217 1665 καὶ
1238 1611 1291 1682 φι-

190 1703 262 1766 λίαν
285 1702 404 1781 ἔταμον.
442 1698 599 1763 Herodot.
620 1701 651 1762 6.
673 1699 725 1781 83.
752 1696 826 1766 τέως
847 1700 904 1778 μὲν
924 1697 960 1776 δη’
982 1709 1039 1780 σφι
1063 1700 1101 1780 ἦν
1125 1703 1235 1782 ἄρθμια
1259 1705 1293 1773 ts

190 1802 354 1881 ἀλλήλους.
379 1801 555 1864 BLOMF.

191 1958 196 1965 .
237 1923 310 1985 ¹94·
325 1900 485 1985 αἰτιάματι]
505 1899 699 1963 Vocabulum
716 1922 755 1962 ex
777 1899 836 1963 hoc
858 1899 926 1963 loco
939 1916 1122 1966 annotatum
1138 1904 1179 1968 ab
1194 1904 1291 1968 Auti-

190 2002 324 2067 atticista
338 2002 369 2064 in
386 2000 522 2064 Bekkeri
538 2001 660 2065 Anecd.
678 2023 709 2086 p.
726 2001 778 2083 78,
794 2018 846 2084 25.

237 2107 307 2187 196.
333 2108 361 2168 εἴ
373 2130 401 2168 τι
414 2104 454 2183 μὴ
468 2104 599 2184 βλάπτει
609 2104 703 2187 λόγῳ.
742 2101 909 2165 Gisbertus
929 2104 1076 2188 Cuperus
1092 2102 1169 2166 Obs.
1185 2122 1219 2187 3,
1237 2121 1291 2188 15.

191 2204 271 2268 hanc
288 2229 306 2268 o
327 2204 469 2268 formulis
483 2227 548 2268 esse
562 2204 618 2283 nit,
632 2227 705 2289 quae
720 2206 888 2267 Oratorum
911 2204 1046 2290 propriae
1061 2220 1146 2281 suut,
1160 2204 1292 2291 quaudo

190 2330 361 2371 sermonem
377 2307 417 2371 cd
433 2306 592 2371 auditores
605 2305 756 2391 dirigunt.
792 2305 881 2368 Infra
897 2311 969 2390 763.
982 2308 1066 2390 Ποίιρ
1080 2309 1179 2392 τρόπῳ
1194 2307 1291 2387 σήμη-

190 2434 253 2481 νον,
270 2412 297 2472 cl
310 2409 350 2488 μή
363 2434 407 2475 τις
420 2409 537 2489 βλάβη.
560 2406 678 2471 AElian.
700 2409 737 2470 V.
754 2409 800 2471 H.
820 2425 867 2489 13,
887 2426 914 2470 1.
937 2404 1013 2487 φέρε
1035 2409 1069 2470 δὲ
1089 2409 1138 2471 καὶ
1156 2407 1292 2476 τὸεῖδος

190 2510 287 2588 αὐτῆς,
304 2515 332 2575 εἴ
345 2537 373 2573 τι
385 2512 425 2590 μὴ
439 2516 538 2586 λνπεῖ,
554 2508 721 2589 διαγράψαι.
744 2509 920 2572 BLOMF.
952 2507 1076 2587 βλάπτῃ
1091 2508 1172 2572 libri.

233 2612 401 2693 δύσποτμα]
419 2612 586 2686 δύσποτμος
601 2608 641 2669 F.

198 2782 200 2785 ,
234 2729 307 2775 201.
330 2709 430 2793 ἔδρας]
453 2711 538 2791 ἕδρης
556 2709 640 2770 An.
661 2705 777 2792 aliique
794 2707 935 2771 nonnulli
959 2719 993 2773 et
1017 2708 1092 2772 Ald.
1140 2710 1292 2777 Similiter

188 2825 297 2872 contra
317 2808 483 2872 dialectum
507 2825 635 2895 peccant
656 2811 865 2890 ἀλιγοδρανάην
882 2832 914 2872 v.
929 2811 1004 2894 548.
1027 2813 1196 2894 ἀμπλακίης
1212 2819 1291 2900 563.

188 2909 336 2991 Ἰναχείης
351 2934 380 2974 v.
395 2930 471 2995 590.
565 2973 567 2977 ,

235 3029 306 3075 202.
323 3010 468 3096 ἀνάσσοι]
484 3010 603 3088 ἀνάσσῃ
619 3009 760 3072 undecim
776 3008 870 3073 codd.
885 3025 916 3072 et
931 3010 1009 3074 Ald.

235 3131 307 3191 204.
330 3110 461 3197 ἐνταῦθ]
487 3111 577 3175 Libri
597 3109 717 3194 aliquot
739 3110 849 3174 ἐντεῦθ
875 3110 924 3175 vel
947 3115 1086 3179 ἐντεῦθεν
1108 3129 1140 3180 et
1163 3119 1292 3199 τάριστα

189 3234 248 3297 pro
262 3216 299 3276 τὰ
312 3212 427 3296 λῷστα.
1212 3283 1215 3288 .

193 3377 197 3382 ,
234 3315 310 3376 206.
326 3313 465 3396 αἱμύλας]
483 3313 624 3391 αδμύλους
639 3332 703 3374 var.
719 3311 810 3375 lectio
824 3311 855 3374 in
871 3312 991 3398 aliquot
1004 3316 1098 3380 codd.

193 3476 197 3485 ,
233 3411 305 3474 208.
321 3412 430 3494 ἀμοχθὶ
445 3413 494 3474 Μ.
529 3412 634 3496 Vulgo
648 3412 782 3492 δμοχθεά.

235 3531 309 3592 209.
330 3511 425 3590 Θέμις
438 3513 487 3574 καὶ
504 3512 601 3592 (ἀλλὰ
615 3511 663 3574 καὶ
678 3512 755 3573 Ven.
774 3530 801 3573 1.
817 3526 849 3574 et
864 3512 957 3597 Ald.)
974 3520 1064 3603 Γαΐα]
1077 3501 1164 3599 'Quo
1184 3522 1291 3588 minus

188 3609 349 3674 dubitaret
366 3609 410 3673 ita
424 3611 567 3672 futurum
587 3632 664 3686 esse,
685 3610 895 3694 praedixerant
917 3613 976 3679 hoc
991 3618 1183 3686 Prometheo
1198 3625 1289 3689 The-

190 3708 259 3782 mis,
275 3722 374 3771 mater
387 3709 455 3793 ejus
469 3709 520 3790 (cf.
537 3731 567 3772 ν.
586 3710 661 3790 18.)‚
677 3724 708 3771 et
722 3709 791 3773 avia
806 3711 928 3789 Tellus,
945 3730 982 3779 ut
998 3740 1133 3802 quarum
1152 3739 1291 3811 utraque

189 3823 269 3873 esset
284 3822 378 3871 vates.
424 3808 541 3894 Pythia
556 3808 768 3871 Eumenidum
790 3811 895 3877 initio:
919 3824 1037 3895 πρῶτον
1050 3824 1108 3900 μὲν
1123 3825 1196 3906 εὐχῇ
1218 3829 1291 3906 τῇδε

190 3911 349 3989 πρεσβεύω
365 3914 440 3972 θεῶν
455 3909 509 3986 τὴν
523 3909 727 3988 πρωτόμαντιν
739 3917 843 3986 Γαῖαν,
859 3917 892 3978 ἑκ
914 3919 948 3980 δὲ
965 3924 1016 3996 τῆς
1030 3921 1138 4002 Θέμιν,
1154 3925 1173 4003 ἦ
1196 3928 1233 4006 δὴ
1254 3930 1291 3992 τὸ

189 4007 297 4086 μητρὸς
318 4007 440 4090 δευτέρα
461 4009 520 4071 πόδ’
543 4009 623 4082 ἕζετο
644 4017 794 4086 μαντεῖον,
817 4016 960 4097 ὥςλάγος
977 4043 1030 4085 τις.
1068 4025 1164 4087 Conf.
1181 4027 1290 4093 Ovidii

190 4107 374 4190 interpretes
399 4110 532 4171 Metam.
563 4127 591 4184 1,
612 4127 688 4192 321.
726 4112 884 4194 Similiter,
909 4135 1055 4184 mouente
1079 4125 1230 4193 Jacoboio
1256 4130 1289 4195 iu

191 4206 309 4270 Museo
330 4206 439 4268 Attico
454 4227 485 4289 3.
500 4228 533 4291 3,
550 4231 580 4293 p.
603 4212 678 4286 406.
702 4212 861 4276 Hesiodus
876 4216 1043 4304 Theogou.
1058 4226 1134 4289 626.
1153 4226 1193 4292 de
1213 4254 1289 4294 con-

190 4304 259 4369 cilio
286 4304 395 4368 Terrae
425 4305 569 4371 liberatos
596 4331 661 4370 esse
690 4309 734 4372 ait
757 4312 968 4394 Cendmanm,
996 4331 1033 4388 ut
1056 4325 1133 4388 Jovi
1162 4327 1289 4416 diisque
