2978 5062
545 348 614 411 AD
637 346 825 412 PERSAS.
1172 351 1240 417 273

137 509 243 591 ὀρέων,
271 514 320 576 καὶ
344 513 509 596 πετρήεντα
533 515 654 597 κάρηνα.
692 514 789 579 Unde
811 516 962 594 ῦλοβύτος
986 530 1017 580 et
1043 519 1237 600 φιλόδενδρος

138 612 306 678 Theaeteto
326 615 531 703 appellatus.”
553 619 679 682 Surus.
721 618 843 683 Notatu
866 618 998 705 dignum
1020 620 1112 684 estin
1136 620 1238 706 priore

138 715 222 780 bello
245 717 374 782 Medico
399 720 489 783 Pana
508 720 667 806 suppetias
689 719 936 785 Atheniensibus
959 721 1061 798 ivisse,
1083 721 1175 809 eique
1198 723 1240 787 si·

138 820 314 884 mulacrum
330 820 389 884 sub
404 820 556 907 Acropoli
567 836 720 886 structum
732 822 846 887 fuisse:
872 823 933 887 vid.
950 823 1104 889 Herodot.
1118 827 1149 902 6,
1166 844 1238 910 105.

140 919 331 986 Simonidem
347 921 378 985 in
395 921 528 987 Anthol.
542 941 575 1002 4.
591 946 623 1009 p.
637 925 713 1006 476.
746 925 791 987 Et
806 922 887 988 hanc
899 925 981 990 forta
995 926 1037 990 ob
1050 949 1192 991 caussam
1204 926 1239 992 in

138 1021 198 1088 hoc
213 1023 281 1088 louo
296 1025 392 1088 Panis
407 1025 523 1089 mentio
536 1024 650 1112 injecta
663 1041 719 1089 est.
743 1026 918 1091 BLOMF.

181 1128 258 1209 448.
274 1127 394 1210 ναυσίν]
413 1129 519 1206 νηυσὶν
534 1128 585 1190 Μ.
600 1127 708 1191 Guelf.
722 1128 825 1192 Viteb.

181 1231 347 1312 φιλόχορος
361 1251 460 1314 quare
475 1230 544 1293 Pan
562 1229 685 1293 dicatur
707 1229 797 1294 facile
817 1245 940 1296 constat
960 1256 1000 1296 ex
1022 1234 1136 1320 Epigr.
1166 1235 1241 1299 Pla·

140 1331 206 1396 toni
232 1330 401 1419 adscripto,
429 1332 524 1399 Αίπὸς
552 1332 618 1396 ἐπεὶ
646 1333 766 1415 σύριγγι
793 1335 967 1414 μελίσδετοι
991 1335 1138 1421 εὐκελύδῳ
1157 1340 1237 1412 Πὰν,

139 1430 252 1514 ’Υγρὸν
266 1434 319 1500 ἱεὶς
332 1439 457 1509 ζευκτῶν
470 1439 575 1516 χεῖλος
587 1435 662 1515 ὑπὲρ
677 1433 830 1514 καλύμων.
868 1438 907 1499 At
929 1438 962 1500 δὲ
980 1437 1064 1518 πέριξ
1083 1443 1241 1521 θαλεροῖσι

139 1536 234 1618 χορὸν
262 1537 354 1600 ποσὶν
381 1533 548 1614 ἐστήσαντο
566 1533 719 1617 Ὕδριύδες
743 1538 865 1618 νύμφαι,
892 1538 1006 1619 νύμφαι
1029 1537 1241 1622 Ἃμαδρνιίδες.

138 1637 270 1702 Sraun.
315 1636 437 1701 Scolion
459 1659 512 1723 ap.
536 1635 657 1700 Athen.
676 1655 723 1721 15.
746 1660 778 1724 p.
795 1642 869 1723 694.
889 1640 932 1703 D.
958 1637 1002 1703 Ὠ
1024 1644 1105 1718 Πὰν,
1130 1640 1241 1725 ’Apsa-

138 1741 206 1806 δίας
218 1738 317 1820 μέδων
331 1744 483 1816 κλεεννᾶς,
497 1737 664 1822 Ὀρχήστα,
679 1743 819 1821 Βρομίαις
832 1744 926 1806 ὀπαδὲ
940 1744 1092 1824 Νύμφαις.
1124 1746 1240 1826 Panes,

143 1840 258 1915 Fauni,
276 1840 379 1928 Satyri
395 1840 563 1928 saepissime
578 1839 723 1905 saltantes
738 1841 941 1907 inducuntur.
964 1844 1140 1910 BLOMF.

185 1958 261 2029 450.
276 1942 319 2007 ὅτ’
335 1943 373 2008 ἂν
389 1945 439 2007 Μ.
454 1957 486 2007 et
501 1942 585 2007 Rob.
608 1945 682 2006 ὅταν
696 1940 803 2029 vulgo.
840 1944 1047 2008 scribendum
1063 1946 1105 2009 ὅτ’
1121 1949 1154 2010 ἐκ
1168 1970 1241 2012 cum

143 2043 296 2108 Elmsleio
316 2044 348 2108 in
368 2046 566 2133 Edinburglt
580 2045 718 2123 Ιίουίοτν,
734 2044 798 2109 vol.
817 2062 868 2129 17,
889 2069 920 2133 p.
936 2049 1008 2131 236.
1044 2048 1128 2112 Nam
1150 2048 1241 2114 soloe-

137 2169 211 2211 cum
227 2161 274 2212 est
288 2146 331 2211 ὅτ’
347 2148 616 2224 ἃν-έκσωζοίατο.

183 2268 260 2334 452.
283 2251 432 2316 κτείνειαν
458 2253 629 2315 Porsonus.
664 2254 792 2317 κτείνεια
814 2249 892 2316 Ald.
925 2253 1067 2318 κτείνειεν
1091 2270 1242 2340 quattuor

140 2351 234 2416 oodd.
248 2366 281 2416 at
296 2352 381 2417 Rob.
404 2356 547 2419 κτείνοιεν
560 2352 682 2417 codices
696 2352 808 2439 reliqui
822 2368 855 2418 et
870 2355 973 2418 Turn.

185 2470 262 2540 453.
278 2455 408 2518 ἐναλίαν
422 2454 603 2519 Α.Β.Μ.Ν.
626 2455 767 2521 είναλίιον
781 2455 887 2543 vulgo.

185 2573 260 2641 455.
277 2556 370 2641 ναῶν]
385 2562 464 2636 νηῶν
479 2558 520 2621 C.
542 2563 620 2622 νεῶν
634 2557 784 2623 Cantabr.
799 2580 860 2623 sec.

183 2658 261 2741 456.
276 2657 457 2742 φρύξαντες]
476 2658 682 2723 Scribendum
697 2658 876 2743 φύρξαντες.
910 2662 948 2724 V.
963 2660 1003 2724 ad
1021 2662 1106 2747 Sept.
1119 2662 1170 2745 63.

181 2775 256 2845 457.
280 2762 312 2824 δὲ
336 2760 509 2847 κυκλοῦντο]
534 2761 624 2826 Libri
643 2762 764 2850 aliquot
793 2763 817 2828 δ’
839 2767 870 2828 ἑ·
889 2762 896 2853 Ι
916 2770 1078 2830 κυκλοῦντο
1100 2762 1146 2827 vel
1173 2762 1223 2848 δ’]

141 2863 330 2926 ἐκυκλοῦντο.

183 2980 258 3048 459.
274 2961 446 3048 τράποιντο]
464 2963 625 3044 τρύπονται
640 2967 678 3030 C.
700 2992 747 3049 γρ.
763 2968 931 3050 τράπωνται
947 2970 987 3033 Β,

184 3069 244 3148 γὰρ
258 3087 319 3130 om.
336 3064 422 3128 Rob.

184 3168 297 3251 χερῶν]
314 3173 423 3250 χειρῶν
437 3165 516 3231 Ald.
531 3169 615 3234 Rob

184 3272 260 3349 460.
283 3268 451 3353 πέτροισιν]
479 3269 623 3351 πέτρῃσιν
648 3269 753 3357 vulgo.
793 3270 998 3337 scribendum
1025 3273 1179 3354 πέτροισιν
1203 3295 1243 3338 ex

144 3372 281 3435 B.M.N.
299 3371 404 3456 Mosq.
422 3370 525 3435 Viteb.
541 3387 573 3435 et
587 3371 681 3435 schol.

186 3472 357 3554 ἠράσσοντο
371 3472 455 3537 ΑΒ.
477 3472 651 3554 ἠρύσσαντο
667 3471 772 3560 vulgo.

186 3572 227 3661 δ’]
243 3572 269 3638 τ’
285 3575 427 3638 Α.Μ.Ν.
442 3591 475 3640 et
489 3574 732 3662 superscriptum
748 3574 779 3639 in
797 3576 834 3640 B.

183 3678 262 3756 461.
277 3679 513 3758 προσπίτνοντες
527 3677 676 3743 Cantabr.
689 3699 749 3742 sec.
762 3691 794 3741 et
810 3676 893 3741 Rob.
910 3676 1007 3741 Libri
1022 3674 1135 3762 reliqui
1147 3702 1241 3758 προσ-

143 3778 309 3855 πίπτοντες,
326 3777 384 3841 nisi
398 3778 485 3865 quod
499 3780 657 3846 πίπτοντες
672 3780 714 3843 Ν.

185 3884 261 3962 463.
286 3882 494 3964 κρεοκοποῦσι]
526 3886 726 3963 κρεοκοποῦσι
753 3879 834 3945 libri.
873 3883 1057 3945 Correutum
1087 3903 1128 3944 ex
1157 3878 1244 3943 subo-

141 3979 243 4058 liasta,
259 3980 312 4044 ubi
327 3979 377 4045 ed.
390 3981 565 4046 Robortelli
580 3987 747 4062 κρεσποῦσι.

185 4083 260 4166 465.
275 4081 385 4165 βάθος]
402 4081 496 4148 πάθος
510 4082 576 4145 duo
590 4081 682 4146 codd.

185 4185 263 4263 466.
294 4184 383 4265 ἕδραν
412 4186 452 4265 γα
479 4183 575 4268 ρείχε]
612 4185 755 4269 Pugnam
779 4183 859 4248 hanc
882 4183 1033 4270 spectavit
1056 4184 1182 4247 Xerxes
1203 4180 1243 4246 de

142 4284 289 4373 AEgialso
311 4297 449 4349 montes
464 4284 590 4371 regione
614 4284 787 4349 Salaminis
811 4284 968 4350 Herodot.
985 4287 1017 4364 8,
1032 4305 1083 4370 90.
1121 4284 1187 4349 Ubi
1209 4284 1240 4348 in

140 4402 288 4474 argentea
310 4385 385 4450 sella
399 4385 500 4451 curuli
520 4386 630 4450 sedens
651 4385 796 4473 praelium
811 4386 972 4473 spectavit,
987 4410 1059 4473 quae
1081 4400 1188 4472 postea
1210 4386 1243 4450 in

140 4487 257 4575 templo
272 4488 428 4554 Minervae
442 4486 585 4554 dedicata
598 4501 656 4566 est,
671 4501 703 4551 et
719 4487 906 4572 αἰχμάλωτος
926 4486 1019 4554 dicta.
1057 4489 1236 4576 Harpocra-

652 4610 678 4651 n
696 4611 728 4652 m
