2978 5062
207 323 273 386 214
568 324 949 391 ANNOTATIONES

206 505 278 571 lecti
296 504 421 570 Doricae
439 507 569 593 vestigia
591 509 682 592 plura
703 509 736 573 in
757 508 817 571 hoc
837 501 973 568 carmine
993 512 1157 563 servarunt
1177 498 1313 565 eodioes

207 609 307 673 Recte
322 608 418 694 igitur
434 608 639 672 Blomlieldus
653 609 704 674 hic
718 624 750 674 et
764 608 846 672 infru
860 605 977 668 formes
990 603 1123 667 Doricus
1137 601 1285 666 restituit.

250 759 301 830 79·
318 747 466 830 ὀχυροῖσι]
486 747 620 828 ἐχυροῖσι
635 758 698 808 tres
711 744 802 809 codd.
818 706 953 825 άχυροῖσι
968 741 1019 802 Μ.

250 862 301 926 80.
324 863 459 949 ἐφέταις]
483 865 637 928 Ducibus.
673 862 865 951 Hesychius,
891 862 940 940 (ex
968 857 1097 931 Lexioo,
1125 871 1161 919 ut
1183 855 1310 941 opinor,

207 964 370 1050 Tragico.)
388 964 529 1047 Ἐφέτας.
556 966 624 1032 τοὺς
645 968 793 1048 ἡγεμόνας
814 970 873 1026 τῶν
894 966 1033 1043 Περσῶν,
1057 964 1309 1040 καταχρηστικῶς.

205 1067 309 1148 κυρίως
331 1069 363 1130 δὲ
386 1069 415 1130 οἶ
436 1071 489 1134 τὰς
512 1071 637 1149 φονικὰς
658 1070 740 1135 δίκας
760 1066 905 1144 Ἀθήνῃσι
926 1064 1103 1139 δικάζοντες.
1128 1060 1307 1124 BLOMF.

205 1167 331 1250 όφέταις
346 1170 390 1233 Ν.
406 1168 491 1231 Rob.

247 1285 450 1369 χρυσογόνου]
474 1289 663 1369 χρυσονόμου
685 1287 735 1348 Μ.
758 1282 837 1347 ΑΜ.
860 1284 963 1345 Τυτπ.
988 1281 1098 1368 Steph.
1123 1281 1253 1344 Barocc.
1275 1297 1310 1344 et

204 1386 346 1475 quinque
367 1386 428 1450 ulii.
450 1389 656 1470 χρυσογόνουο
677 1386 761 1451 eteri.
795 1383 897 1449 Schol.
921 1384 1010 1448 τὸδὲ
1033 1385 1221 1467 χρυσονόμου
1240 1385 1310 1448 ἀντὶ

203 1494 257 1553 τοῦ
278 1491 426 1555 πλουσίας
444 1488 519 1552 εἶπε.
552 1491 630 1557 τινὲς
645 1491 678 1552 δὲ
691 1490 879 1572 χρυσογόνου
892 1487 1028 1570 λέγουσι,
1044 1488 1093 1548 διδ
1107 1484 1141 1548 τδ
1156 1483 1211 1548 τὸν
1226 1487 1309 1564 Περ·

204 1589 263 1653 σία
277 1589 336 1653 ὰπὸ
351 1594 466 1672 χρυσοῦ
479 1594 671 1672 γεγενῆσθαι.
694 1590 711 1654 δ
727 1592 776 1653 καὶ
790 1589 924 1669 βέλτιον.
948 1587 1124 1652 BLOMF.

248 1706 301 1771 82.
318 1711 447 1770 κυανοῦν
460 1705 676 1773 Blomlieldus.
700 1709 825 1773 κυάνεον
839 1706 919 1772 libri.

246 1807 399 1893 λεύσσων]
414 1810 535 1874 λεύσων
550 1811 599 1872 Μ.
615 1808 693 1873 Ald.
713 1811 797 1874 Rob.

246 1911 369 1995 φονίου]
387 1913 506 1992 φοινίου
522 1913 571 1975 Μ.
587 1910 712 1997 aliique.

246 2011 373 2098 δίργμα]
390 2012 483 2094 δίρμα
499 2013 591 2076 C.M.

244 2113 371 2197 δέργμα]
379 2115 562 2202 Αόιρεσίυσ.
587 2116 701 2201 Eurip.
720 2115 809 2179 Med.
825 2134 894 2198 190.
910 2114 1032 2181 τοκάδος
1045 2115 1157 2196 δέργμα
1169 2116 1304 2192 λεαίνης.

202 2216 353 2282 Phoeniss.
372 2219 446 2297 667.
472 2218 545 2283 ἔνθα
560 2221 666 2302 φόνιος
680 2219 718 2298 ἦν
732 2217 1062 2300 δράκων-δεργμάτων
1078 2219 1194 2298 κόραισι
1208 2225 1305 2280 πολυ-

200 2318 328 2385 πλάνοις
347 2321 526 2385 ἓπισκοπῶν.
573 2322 770 2406 Serpentium
793 2319 876 2383 oculi
898 2319 1034 2383 terribile
1055 2317 1173 2405 aliquid
1197 2341 1305 2406 corus-

199 2443 269 2485 care
290 2421 492 2508 putabantur.
540 2423 690 2486 Conferat
711 2423 823 2485 harum
847 2443 950 2485 rerunt
973 2420 1130 2484 studiosus
1153 2419 1245 2485 Iliad.
1262 2427 1304 2500 X,

200 2543 253 2609 93.
269 2522 400 2586 Hesiod.
418 2525 506 2588 Scut.
521 2543 591 2607 143.
610 2523 723 2609 Eurip.
739 2524 839 2586 Orest.
852 2538 926 2606 473.
944 2524 1014 2587 Ion.
1031 2525 1121 2586 1262.
1138 2522 1302 2587 Theocrit.

200 2626 318 2706 2418.
343 2628 520 2688 Cornutum
544 2624 584 2687 de
607 2626 650 2687 N.
667 2626 709 2687 D.
726 2648 756 2708 p.
771 2644 824 2707 50.
856 2623 966 2709 Virgil.
984 2625 1102 2713 Georg.
1123 2644 1155 2707 3,
1170 2644 1244 2709 433.
1269 2640 1303 2688 et

197 2724 265 2789 loca
279 2725 322 2789 ibi
339 2726 444 2789 citata.
467 2728 592 2789 Senecae
608 2727 705 2788 Herc.
722 2727 761 2788 F.
777 2747 809 2806 4,
825 2746 857 2811 3.
882 2727 1057 2790 BLOMF.

240 2845 290 2928 83.
307 2845 466 2925 πολύχειρ]
478 2845 608 2928 Magna
619 2866 717 2908 mauu
732 2847 919 2908 instaretur.
940 2867 980 2907 sc.
991 2845 1183 2931 pedestrium
1195 2848 1302 2931 copia-

196 2967 278 3008 rum.
315 2945 454 3030 Hesych.
477 2947 674 3028 Πολυχείρια.
696 2951 810 3025 πλῆθος
836 2947 1041 3028 ἐργαζομένων
1065 2948 1113 3010 καὶ
1136 2948 1300 3013 ἀνυόντων.

196 3044 361 3132 respicitur
384 3045 533 3133 Thucyd.
557 3065 588 3125 2,
603 3065 653 3130 77.
678 3047 793 3110 Pollux
816 3068 845 3124 2,
861 3067 913 3132 31.
936 3050 1010 3129 Χεὶρ
1032 3050 1233 3128 στρατιωτικὴ,
1251 3054 1302 3116 καὶ

195 3153 295 3228 πολλῇ
318 3150 406 3231 χειρὶ,
424 3152 472 3213 καὶ
490 3151 677 3232 πολυχειρία.
711 3149 864 3214 Herodot.
882 3171 911 3228 7,
932 3171 981 3216 12.
997 3150 1037 3214 de
1052 3150 1173 3226 Xerxe,
1189 3154 1298 3234 ἔστρα·

196 3249 322 3332 τηλότεε
347 3253 425 3333 χειρὶ
443 3251 560 3333 μεγάλῃ
583 3250 722 3330 πλήθεος.
754 3251 868 3337 Eurip.
893 3250 1054 3315 Heraclid.
1078 3270 1149 3335 157.
1168 3251 1301 3334 1Ἀργους

196 3352 322 3432 τοσήνδε
351 3360 447 3436 χεῖρα.
494 3353 627 3439 Proprio
655 3376 745 3417 seusu
778 3368 947 3436 usurpatur
975 3356 1119 3436 πολύχειρ
1149 3353 1298 3441 Sophocl.

195 3455 312 3521 Electr.
328 3458 402 3535 488.
428 3457 602 3520 BLOMF.
640 3457 802 3537 πουλύχειρ
817 3453 895 3518 Ald.
913 3455 997 3518 Rob.

238 3558 439 3643 πολυναύτης]
457 3555 662 3621 Scribendum
679 3558 865 3623 πολυναύτας
879 3579 919 3619 ex
935 3557 1084 3620 Cantabr.
1101 3556 1248 3621 secundo.

241 3663 292 3740 84.
318 3659 441 3746 Σύριον]
468 3660 532 3722 Ρτο
562 3659 707 3743 Assyri0,
732 3660 812 3723 sicut
839 3677 941 3722 mouet
971 3659 1123 3745 interpres
1152 3660 1297 3728 Graecus.

198 3761 353 3826 Herodot.
377 3779 404 3840 7,
426 3763 478 3845 63.
499 3759 540 3822 de
565 3760 702 3844 Assyriis
725 3760 819 3823 verba
841 3760 972 3824 faciens:
997 3762 1079 3825 οὗτοι
1105 3765 1137 3825 δὲ
1159 3762 1226 3845 ὑπὸ,
1239 3767 1299 3844 μὲν

192 3861 353 3940 Ἑλλήνων
384 3861 544 3924 ἐκαλέοντο
571 3863 681 3940 Σύριοι,
710 3861 768 3923 ὑπὸ
798 3863 831 3924 δὲ
859 3867 918 3924 τῶν
946 3862 1111 3942 βαρβάρων
1139 3863 1298 3946 Ἀσσύριοι

193 3959 376 4037 ἐκλήθησαν.
423 3957 537 4021 Strabo
564 3959 613 4020 16.
641 3981 671 4045 p.
697 3976 769 4042 737.
794 3961 823 4021 οἱ
849 3958 872 4021 δ’
899 3961 1085 4038 ἱστοροῦντες
1113 3963 1167 4040 τήν
1194 3968 1297 4044 Σύρων

192 4061 300 4144 ἀρχὴν,
316 4061 390 4122 όταν
411 4065 493 4140 φῶσι
509 4057 629 4133 Μήδους
649 4064 706 4140 μὲν
727 4061 784 4123 ὑπὸ
808 4066 935 4139 Περσῶν
958 4066 1167 4139 καταλυθῆναι,
1184 4067 1298 4145 Σύρους

191 4167 224 4228 δὲ
239 4158 298 4225 ὑπὸ
316 4158 437 4235 Μήδων,
454 4157 506 4220 οὐκ
522 4157 634 4226 ἄλλους
652 4166 732 4229 τινας
754 4163 820 4228 τοὺς
840 4164 949 4241 Σύρους
963 4160 1117 4242 λέγουσιν,
1133 4167 1214 4228 άλλδ
1229 4168 1298 4235 τοὺς

191 4268 227 4332 ἐρ
243 4263 405 4336 Βαβυλῶνι
417 4260 465 4321 καὶ
480 4258 563 4338 Νίνῳ
580 4264 871 4344 κατεσκευασμένους
881 4262 914 4324 τὸ
924 4265 1096 4340 βασίλειον.
1113 4267 1284 4334 STANL.

188 4363 319 4439 ἆσύριον
335 4356 410 4419 Ald.
427 4373 458 4419 et
474 4354 564 4418 codd.
583 4363 684 4429 multi.
709 4367 853 4445 ᾰσσύριον
867 4361 958 4448 pauci
973 4385 1044 4427 cum
1062 4365 1146 4430 Rob.
1164 4370 1270 4435 Turn.

230 4454 383 4536 Σύριόνύ
400 4453 492 4534 eppa]
517 4456 691 4531 Oraeulum
712 4466 797 4552 apud
822 4463 1021 4544 Herodot.7,
1041 4485 1114 4545 140.
1140 4473 1214 4533 κατὰ
1232 4473 1293 4553 γάρ
