2978 5062
598 346 666 410 AD
689 346 879 411 PERSAS.
1227 343 1289 414 271

193 511 329 595 ἀιαφέρει
350 514 383 587 bl
405 517 464 578 τῶν
483 514 651 595 κορόμβιον.
674 515 819 596 ἀφλσστα
840 516 898 594 μέν
917 512 1042 596 λέγεται
1061 515 1099 579 τὸ
1115 512 1295 595 πρυμνήσια,

193 613 329 696 κόρυμβα
347 617 380 679 δέ
404 618 442 679 κά
463 615 625 697 πραρήσια.
664 615 839 681 Confundit
859 615 1009 702 Apollon.
1036 615 1146 680 Rhod.
1169 635 1200 695 2,
1221 618 1296 702 603.

189 715 308 797 Ἔμπης
330 716 354 781 δ’
371 717 540 799 ἀφλάστοιο
562 718 743 801 παρέθρισεν
757 721 833 801 ἀκρα
848 716 991 802 κόρυμβα.
1030 718 1129 784 Plura
1141 718 1297 807 congessit

193 821 320 883 Auctor
341 818 474 883 Dissert.
502 820 543 884 de
565 820 675 886 Tutel.
696 836 728 886 et
752 820 873 908 Insign.
895 821 1035 887 Navium
1062 845 1094 908 p.
1113 824 1186 906 296.
1223 820 1296 886 Vid.

172 934 178 943 ·
193 917 275 983 infra
286 919 361 1002 664.
385 922 533 986 Ceterum
550 921 715 987 scholiasta
729 923 797 989 llaec
810 922 915 1001 habet,
931 922 1027 1006 ἀρχὴν
1043 923 1137 988 ἐποίει
1152 927 1205 988 τοῦ
1218 926 1296 1006 πρό·

194 1048 246 1087 του
268 1023 402 1103 πολέμου
424 1029 495 1092 ναῦς
508 1022 679 1104 Ἀθηναῖκὴ,
695 1026 788 1107 ἤγουν
803 1025 976 1106 Λυκομήδης
995 1025 1195 1108 όΑίσχραίου
1215 1030 1297 1095 παῖς.

195 1124 381 1189 Herodotus
403 1146 477 1189 vero
492 1144 525 1208 7,
542 1125 593 1209 84.
615 1125 765 1207 Ἀμεινίης
786 1129 803 1190 θ
826 1126 1016 1207 Παλληνεὺς,
1032 1127 1106 1217 ἀνὴρ
1127 1125 1296 1207 Ἀθηναῖος,

197 1226 373 1311 ἐξαναχθεὶς
388 1227 438 1308 νηῒ
451 1228 610 1309 ἐμβάλλει.
634 1230 860 1309 συμπλακείσης
878 1230 911 1293 δέ
924 1232 977 1308 τῆς
996 1229 1079 1309 νηάς,
1095 1230 1144 1294 καί
1157 1229 1193 1294 οὐ
1208 1233 1296 1294 δυνα-

194 1330 295 1410 μένων
309 1331 532 1412 ἀπαλλαγῆναι,
549 1333 623 1396 οὕτω
645 1331 681 1411 δὴ
702 1333 733 1395 ol
753 1331 845 1397 ἀλλοι
862 1327 997 1411 Ἀμεινίη
1016 1329 1197 1410 βοηθέοντες
1210 1330 1298 1396 συνέ-

194 1458 316 1515 μισγον.
354 1432 550 1519 Lycomedes
577 1456 652 1497 vero
681 1434 802 1519 primus
828 1454 940 1499 navem
970 1432 1126 1498 Persicam
1153 1432 1237 1521 cepit
1264 1432 1297 1497 in

195 1557 304 1622 pugna
325 1533 411 1623 apud
435 1535 642 1607 Artemisium
653 1562 663 1615 ;
686 1534 843 1601 Hemdot.
863 1535 896 1614 8,
922 1554 971 1600 11.
999 1532 1084 1600 uude
1102 1557 1189 1603 error
1209 1551 1299 1603 ortus

194 1652 250 1702 est.
296 1636 473 1702 Phoeuissas
497 1652 604 1701 autem
627 1660 722 1702 naves
746 1635 993 1702 Atheniensibus
1015 1635 1175 1723 oppositas
1200 1636 1299 1703 luisse

195 1738 291 1807 tradit
313 1739 508 1806 Hemdotus.
547 1742 695 1806 Ceterum
711 1739 873 1805 Aminiam
894 1738 990 1804 istum
1005 1738 1150 1828 AEschyli
1166 1739 1297 1805 fratrem

193 1842 290 1907 fuisse
310 1842 400 1907 aiunt
421 1841 582 1907 Diodorus
605 1842 737 1921 Siculus,
754 1857 840 1907 etex
859 1866 897 1906 eo
910 1845 1036 1906 Auotor
1050 1839 1197 1928 AEsohyli
1212 1842 1297 1911 vitae.

200 1945 262 2011 Sed
288 1943 465 2032 AEschylus
490 1944 647 2009 oommuni
677 1944 817 2008 omnium
841 1965 991 2009 consensu
1013 1943 1196 2011 Eleusinios
1220 1957 1298 2022 erat,

197 2069 261 2112 non
277 2045 474 2112 Pallenensis.
498 2047 673 2111 BLOMF.

241 2150 355 2236 ίθυνεν]
367 2151 493 2230 ηὔθυνεν
507 2149 559 2213 Μ.
583 2150 705 2214 εόθυνεν
720 2148 760 2214 Β.

240 2271 316 2334 412.
332 2253 384 2337 κά]
403 2253 452 2317 καὶ
465 2266 528 2315 tres
541 2249 632 2314 codd.
648 2265 680 2316 et
694 2248 779 2314 Rob.

242 2355 289 2442 δὴ]
305 2359 359 2420 νῦν
373 2355 424 2419 Μ.
446 2355 501 2418 οὖν
514 2368 666 2440 quattuor
679 2351 772 2417 oodd.
787 2366 818 2416 et
833 2350 911 2416 Ald.

242 2474 316 2542 415.
331 2457 384 2539 ἀφ’
399 2455 506 2541 αὐτῶν]
521 2453 569 2520 ὑπ’
585 2455 681 2519 αὐτῶν
694 2454 816 2541 aliquot
829 2453 924 2521 codd.
939 2467 971 2517 et
987 2451 1065 2517 Ald.
1081 2455 1186 2519 Turn.

243 2558 402 2642 ἐμβολαῖς]
435 2553 640 2620 Scribendum
671 2553 813 2635 ἐμβόλοις
841 2577 912 2619 cum
939 2553 1087 2621 Stanleio.
1119 2562 1140 2595 “
1153 2555 1299 2634 έμβσλσν,

199 2668 350 2738 νοσέουσι,
371 2679 408 2721 ea
427 2679 508 2745 pars
523 2679 634 2745 prorae
648 2679 713 2743 qua
734 2657 851 2738 ἐμβολὴ
861 2658 976 2742 fiebat.
1013 2655 1084 2721 vid.
1108 2678 1204 2742 supra
1226 2674 1299 2740 279.

200 2761 315 2827 Pollux
339 2781 367 2838 1,
383 2762 436 2846 85.
456 2761 501 2825 Τὸ
520 2763 691 2842 καταλῆγον
710 2761 760 2823 ἐπὶ
778 2760 832 2839 τὴν
850 2765 981 2842 πρῶραν,
1000 2759 1191 2840 προεμβολίς·
1213 2758 1248 2821 τά
1267 2758 1300 2821 δέ

199 2864 247 2930 ἀπ’
264 2864 364 2944 αὐτὴν,
380 2865 524 2945 ἔμβολον.
551 2861 693 2951 Hesych.
703 2860 874 2943 Ἔμβολον.
897 2862 1054 2944 Εὐριπίδης
1068 2860 1237 2947 Παλαμήάη
1253 2861 1301 2924 καὶ

202 2967 338 3049 Σκίρωνι,
354 2967 483 3048 ἔμβολα·
505 2967 540 3032 τὸ
564 2969 598 3032 δέ
619 2966 698 3032 πολὺ
715 2967 874 3047 ἀρρενικῶς
895 2963 1032 3046 λέγουσι,
1052 2962 1121 3031 τοὺς
1141 2960 1299 3043 ἐμβόλους.

202 3068 305 3135 (ἀίσσε-
322 3069 478 3134 Herodot.
490 3068 657 3150 Ἔμβολος.
672 3067 818 3152 χόλκιιμα
831 3065 1061 3148 περιτεθέμενον
1074 3065 1143 3147 περὶ
1157 3065 1211 3145 τὴν
1221 3070 1301 3146 πρθ-

200 3197 258 3254 ραν
271 3175 337 3238 ταῖς
350 3174 449 3237 ναυσί.
486 3171 638 3259 Thucyd.
656 3189 687 3253 7,
700 3175 755 3256 36.
771 3167 947 3251 ἀνσρρήξειν
967 3171 1005 3233 κά
1021 3168 1176 3249 πρόραθεν
1191 3167 1301 3245 αὐτοῖς,

202 3274 356 3356 στερίφοις
378 3275 427 3339 καὶ
449 3273 563 3359 παχέσι
590 3275 666 3357 πρὸς
695 3277 783 3337 κοῖλα
812 3271 860 3335 καὶ
889 3271 1003 3348 ἀσθενῆ
1032 3266 1213 3350 προέχοντες
1240 3275 1303 3335 τοῖς

201 3373 357 3456 ἐμβόλοις.
402 3375 454 3442 Sic
477 3375 560 3443 enim
585 3373 755 3463 legendum
774 3385 855 3460 puto
872 3393 932 3458 pro
955 3367 1149 3453 παρέχοντες,
1172 3391 1211 3434 ex
1236 3391 1303 3454 quo

201 3500 310 3549 seusus
330 3477 463 3544 idoneus
481 3477 549 3543 elici
568 3476 688 3564 nequit.
725 3472 891 3553 Quomodo
905 3485 1010 3547 autem
1026 3471 1094 3535 haeo
1107 3469 1212 3535 classis
1227 3471 1303 3535 Per·

201 3580 273 3647 sicoe
285 3579 428 3648 confusio
442 3594 512 3645 orta
526 3579 565 3645 eit
579 3577 652 3644 vide
666 3599 718 3663 ap.
730 3573 887 3641 Herodot.
904 3574 935 3653 8,
952 3573 1023 3659 89.”
1045 3573 1222 3645 BLOMF.

243 3702 319 3768 41⁷·
345 3679 554 3766 ἀφραάμόνως]
582 3677 788 3746 Scribeudum
814 3675 1016 3760 ἀφρασμόνως
1040 3698 1080 3741 ex
1107 3675 1203 3740 M.N.
1229 3695 1304 3760 quae

201 3783 304 3851 formu
316 3783 433 3872 legitur
447 3786 566 3870 Agam.
583 3802 657 3867 290.
675 3799 767 3861 ¹40¹·

245 3906 320 3972 419.
335 3884 492 3974 θάλαοσα]
508 3886 670 3958 θάλασσαν
684 3882 764 3956 Ald.
781 3883 885 3947 Turn.

245 3987 348 4057 ἀόισ.
364 3992 467 4061 Turn.

245 4112 320 4174 421.
343 4092 505 4178 ἐπλήθυον]
526 4089 695 4171 ἐπλήθυνον
712 4085 835 4174 aliquot
853 4082 948 4151 oodd.
968 4096 1001 4148 et
1014 4080 1093 4149 Ald.
1119 4078 1306 4161 ἐκπλόθυνσν

203 4194 308 4260 Tum.
1372 4256 1377 4265 .

245 4314 322 4376 422.
351 4293 500 4382 ἀκόσμως]
529 4291 737 4366 Scdbendum
766 4287 889 4375 ἀκόσμῳ
913 4307 987 4352 cum
1016 4283 1215 4351 Cusaubono.
1253 4283 1305 4351 sic

205 4420 236 4461 v.
250 4416 327 4482 470.
342 4395 400 4479 ἀμ’
417 4395 538 4483 ἀκόσμῳ
551 4393 607 4476 ξὺν
620 4398 713 4480 φυγῇ,
729 4390 784 4459 ubi
799 4389 865 4466 duo
878 4387 970 4455 oodd.
982 4383 1131 4467 dedum.
