2978 5062
253 335 317 400 152
613 333 991 399 ANNOTA'I'IONES

295 500 369 567 228.
392 501 447 564 κάκ
461 500 511 564 M.
526 498 642 584 aliique
656 497 748 563 multi
762 512 794 562 et
810 499 893 564 Rob.
930 497 996 562 Alii
1012 500 1045 563 ἐκ
1059 521 1131 563 cum
1148 497 1226 564 Ald.
1243 501 1348 564 Turn.

251 602 299 666 καὶ
315 600 530 665 Marcellinus.

291 701 404 788 caepa]
420 702 494 783 ὑπέρ
509 727 542 766 τε
559 702 774 766 Marcellinus.

295 821 367 888 229.
383 807 589 886 κρημναμενᾶν
604 804 750 889 νεφελᾶν]
771 804 977 885 κρημναμέναν
993 802 1128 885 νεφέλαν
1142 804 1264 868 codices
1285 804 1352 893 ple-

249 904 340 991 rique
352 921 385 969 ct
401 906 506 969 Turn.
520 904 608 991 quod
625 918 769 969 constans
790 905 855 970 fere
876 904 908 968 in
931 904 1113 990 hujusmodi
1133 906 1281 991 genitivis
1301 930 1351 972 ac-

249 1023 359 1075 centus
373 1006 482 1072 ritium
498 1022 555 1085 est,
571 1006 621 1071 hic
642 1008 683 1071 ab
702 1005 840 1071 Seidlero
854 1022 1038 1084 correctum,
1053 1005 1134 1071 duce
1150 1007 1348 1087 Marcellino,

249 1111 306 1196 qui
326 1109 538 1192 κρημναμένον
562 1115 700 1190 νεφελῶν
721 1108 852 1195 scripsit.
886 1107 1091 1190 κρημναμένην
1113 1111 1249 1191 νεφέλαν
1269 1108 1349 1173 Ald.

295 1334 367 1399 230.
384 1313 464 1400 ἐστὶ]
482 1312 648 1397 ἔχει1101).

295 1441 368 1509 231.
379 1423 580 1506 πειρωμένων]
595 1411 786 1504 πειρομάνάῖς
801 1423 850 1484 Μ.

295 1542 368 1609 232.
385 1524 468 1608 εἵσω]
485 1524 544 1587 ἔσο
560 1524 645 1588 A.B.

295 1639 691 1710 233-235=239-24r.

296 1745 369 1812 233.
392 1725 543 1807 ἀδάματον
565 1725 722 1790 Paunius.
757 1725 929 1806 άδάμαοτον
953 1725 1039 1789 libri:
1064 1747 1128 1811 qua
1152 1724 1253 1789 forma
1276 1747 1350 1790 nus·

251 1851 346 1917 quam
364 1827 410 1893 usi
426 1840 500 1891 sunt
514 1826 633 1913 tragici.

296 1949 367 2018 235.
382 1931 425 1997 τίς
437 1929 604 1994 Heathius.
626 1931 658 1992 τί
665 1927 747 1992 libri.
771 1929 951 1993 Versusaut
962 1951 1001 1992 ex
1013 1928 1150 1993 trocbaeo
1160 1944 1193 1992 et
1203 1928 1350 1994 dochmio

251 2033 452 2121 compositus,
466 2047 532 2109 aut,
547 2030 633 2117 quod
650 2052 711 2094 non
726 2029 940 2116 improbabile,
955 2030 1190 2118 parapaeonicus

257 2185 262 2194 .
510 2163 674 2196 υυυυυ
692 2130 816 2218 Ι-ὐ-.

294 2235 440 2321 Νέμεσις]
454 2235 598 2300 Invidia.
621 2236 753 2298 Homer.
775 2233 869 2298 Iliad.
887 2235 926 2309 Ξ,
943 2233 995 2298 80.
1019 2235 1066 2298 Οὐ
1086 2233 1145 2315 γάρ
1163 2259 1208 2302 τις
1229 2234 1351 2316 νέμεσις

251 2337 377 2421 φυγέειν
400 2339 499 2402 κακάν.
537 2336 591 2400 Cf.
616 2335 708 2401 Iliad.
731 2341 763 2399 Γ.
790 2337 860 2419 136.
899 2333 1052 2399 Pisander
1070 2336 1157 2421 apud
1182 2336 1271 2401 Stob.
1298 2356 1348 2403 12.

251 2464 285 2529 p.
303 2458 353 2525 79.
370 2442 417 2504 Oi
431 2438 552 2521 νέμεσις
574 2439 622 2503 καὶ
641 2444 754 2521 ψεῦδος
774 2438 848 2519 ὑπὲρ
869 2442 970 2521 ψυχῆς
991 2439 1155 2519 ἀγορεύειν.
1194 2437 1351 2503 Stacleius

253 2543 329 2608 citat
344 2541 455 2628 Virgil.
473 2543 550 2606 AEc.
565 2560 600 2621 4,
613 2559 688 2626 349.
712 2539 888 2603 BLOMF.

298 2648 371 2732 236.
387 2647 467 2709 οὗτοι
483 2644 573 2707 L.M.
590 2644 654 2706 οὔτι
670 2641 775 2727 vulgo.

298 2750 369 2832 238.
393 2744 514 2831 ἕκηλος]
534 2746 657 2823 εὔκηλος
670 2742 761 2807 codd.
778 2742 897 2830 aliquot
912 2757 944 2807 et
957 2742 1035 2807 Ald.
1052 2743 1136 2809 Rob.
1153 2745 1271 2823 Turn,
1288 2767 1351 2810 non

255 2849 309 2912 ste
334 2847 366 2911 h.

298 2871 371 3033 229.
394 2949 549 3012 ποταίνιον
563 2949 696 3011 κλύουσα
709 2946 859 3031 πάταγον]
882 2947 914 3009 N
916 2968 956 3009 on
969 2947 1158 3032 respondent
1171 2945 1239 3011 haec
1253 2947 1351 3012 verba

253 3050 357 3114 versui
378 3049 536 3136 strcplricc
551 3069 625 3135 233.
648 3053 696 3114 διὸ
718 3054 795 3114 θεῶν
815 3053 905 3114 πόλιν
927 3046 1117 3129 νεμόμεά-,
1133 3049 1185 3113 cui
1203 3049 1278 3114 vitio
1292 3051 1349 3114 etsi

253 3151 297 3218 sic
312 3152 427 3218 mederi
443 3151 532 3216 liceat
547 3167 582 3215 ut
597 3151 658 3215 διαὶ
671 3151 826 3216 scribatur
840 3172 910 3214 cum
927 3152 1113 3213 Hermanno
1126 3149 1213 3238 apud
1233 3151 1351 3216 Seidle-

253 3278 325 3320 rum
349 3254 390 3318 de
415 3277 493 3319 vers.
519 3253 643 3318 dochm.
674 3276 705 3339 p.
728 3273 782 3338 94,
807 3275 899 3317 versu
926 3276 966 3317 ex
994 3253 1130 3339 tripodia
1157 3253 1291 3318 iambica
1318 3271 1351 3320 et

253 3357 400 3422 dochmio
413 3355 594 3444 composito,
617 3355 859 3442 praecedentium
883 3372 985 3420 tamen
1008 3355 1206 3441 stropharum
1227 3377 1353 3442 compa-

253 3460 334 3523 ratio
347 3459 423 3523 facit
438 3474 474 3523 ut
487 3457 576 3544 puris
597 3457 702 3544 potius
716 3456 868 3521 dochmiis
882 3455 1070 3543 AEscbylum
1087 3479 1153 3521 esse
1175 3480 1265 3522 usum
1283 3479 1350 3521 cre-

253 3560 375 3624 damus.
420 3558 631 3637 Quamobrem
653 3558 843 3644 probabilior
868 3557 998 3622 Heathii
1022 3558 1201 3644 conjectura
1225 3559 1352 3624 videtur

252 3661 344 3726 aliam
359 3659 517 3747 quandam
537 3656 684 3743 adjectivi
704 3660 859 3723 ποταίνιον
873 3659 1005 3722 formam
1019 3659 1181 3734 exstitisse,
1196 3660 1352 3726 πατάνιον.

255 3765 347 3841 Quod
362 3763 485 3826 sirecte
499 3759 551 3824 ille
567 3758 709 3844 conjecit,
725 3760 860 3840 ἀφνίδιος
880 3761 1052 3848 comparari
1067 3775 1180 3848 potest,
1191 3761 1279 3848 quod
1294 3785 1353 3848 pro

256 3868 405 3947 αἰφνῶιος
421 3860 562 3949 AEscbyl
590 3861 755 3925 Prom.68.
770 3860 952 3926 certissima
978 3861 1193 3927 emendatione
1215 3863 1352 3928 restitnit

255 3965 437 4029 Elmaleius.

298 4065 442 4150 άνάμιγα]
468 4065 529 4143 άμο
551 4064 656 4150 vulgo.
694 4065 877 4129 Correctum
900 4065 1033 4130 ducibus
1056 4065 1148 4130 L.M.
1163 4064 1219 4150 qui
1239 4066 1354 4147 άμμιγο

255 4166 471 4250 praebuerunt.

300 4284 375 4347 240.
390 4266 483 4352 τάνδ’]
502 4265 581 4346 τήνδ’
597 4266 675 4331 Ald.
692 4267 775 4331 Rob.

298 4369 478 4448 ἀκρόπτολιν
493 4369 661 4432 Poraonus
684 4369 848 4448 ἀκρόπολιν
860 4365 941 4432 libri.

300 4484 373 4547 242.
387 4466 428 4546 μὴ
443 4465 511 4552 νῦν]
526 4467 567 4547 μή
582 4493 636 4533 νυν
650 4466 865 4532 Blomfieldua.
888 4469 996 4532 Recte.
