2978 5062
305 357 373 420 AD
397 358 588 422 SEPTEM
612 358 860 423 ADVERSUS
884 358 1086 423 THEBAS.
1184 358 1248 422 135

192 519 287 605 ὅστις]
302 523 342 589 ὥς
355 548 399 589 τις
412 521 532 608 aliquot
545 522 636 587 codd.
651 537 683 588 et
698 524 783 587 Rob.

192 622 284 707 λαβέ]
299 623 381 702 λάβε
395 622 474 686 libri.

193 725 245 807 67.
262 726 414 804 σαφηνεία
427 749 467 788 ex
484 726 532 786 M.
548 724 679 810 aliisque
693 738 725 788 et
741 724 824 788 Rob.
843 726 1022 790 restitutum
1046 749 1105 813 pro
1121 728 1250 813 vulgato

149 822 221 886 olim
245 828 390 909 σαφηνίρ,
413 825 499 911 quod
523 843 606 890 notae
632 849 693 890 non
722 826 857 890 melioris
877 845 924 891 est
944 851 1038 913 quam
1064 831 1169 910 ἀνδρία
1191 851 1249 915 pro

150 927 283 1006 ἀνδρεία.

193 1027 245 1089 68.
262 1027 355 1111 εἰδὼς]
371 1029 456 1094 εἰδὼς
469 1028 508 1092 σὺ
520 1027 586 1091 duo
600 1027 692 1092 oodd.
707 1041 739 1091 et
753 1028 831 1092 Ald.
849 1028 933 1092 Rob.
948 1052 986 1092 ex
1002 1029 1195 1116 glossemate.

192 1128 270 1212 έσει]
286 1128 341 1208 έσρ
356 1128 438 1192 libri.

193 1232 246 1312 69.
267 1236 467 1313 πολισσοῦχοι
481 1230 560 1315 θεοί]
573 1232 634 1294 Dii
648 1231 756 1294 urbem
772 1239 901 1294 trientes.
937 1237 1104 1314 Πολιοῦχοι
1123 1235 1197 1296 θεοί.
1219 1235 1249 1296 ol

149 1331 205 1407 τὴν
217 1333 310 1395 πόλιν
324 1333 477 1406 σώζοντες.
512 1331 654 1418 Hesych.
666 1331 775 1415 Ἐχειν
788 1333 891 1398 πόλεις
905 1330 1089 1395 dicebantur
1102 1332 1146 1397 dii
1167 1348 1248 1397 tute·

149 1431 237 1495 lares.
262 1435 373 1520 Suppl.
397 1437 470 1518 699.
492 1436 590 1500 Θεοὺς
612 1433 648 1511 δ’,
667 1435 696 1498 ολ
715 1438 774 1515 γᾶν
797 1433 930 1516 ἔχουσιν,
955 1435 1003 1497 ἀεὶ
1026 1435 1129 1498 Τίοιεν
1150 1437 1247 1518 ἐγχω-

149 1537 237 1615 ρίους.
261 1534 411 1622 Thucyd.
429 1555 457 1613 2,
475 1553 525 1619 74,
547 1537 618 1614 θεοί,
634 1538 702 1600 ὅσοι
723 1540 781 1617 γῆν
801 1535 856 1613 τὴν
877 1534 1036 1598 Πλαταίδα
1056 1536 1151 1618 ἔχετε.
1174 1559 1248 1622 quae

149 1635 224 1699 citat
247 1637 414 1722 Spanhem.
435 1637 475 1700 ad
496 1637 679 1701 Callimach.
701 1639 747 1701 H.
767 1639 808 1703 L.
833 1638 912 1701 Pall.
934 1653 988 1722 53.
1010 1641 1067 1700 τὰν
1085 1637 1246 1711 Παλλάδα,

148 1739 205 1800 τὰν
218 1744 391 1822 πολιοῦχον.
414 1739 580 1824 Aristoph.
594 1739 704 1824 Equit.
713 1739 788 1822 581.
800 1737 845 1801 Ὦ
856 1745 1000 1822 πολιοῦχε
1012 1738 1151 1805 Παλλάς.
1176 1737 1246 1802 Vid.

149 1837 231 1901 infra
243 1859 312 1923 105.
324 1856 396 1925 257.
407 1860 480 1926 500.
493 1842 565 1906 822.
581 1843 718 1904 Eumen.
736 1841 809 1903 882.
833 1841 1001 1925 Inscriptio
1011 1864 1061 1924 ap.
1074 1841 1204 1904 Gruter.
1214 1862 1245 1926 5.

150 1962 223 2025 pag.
235 1942 287 2003 ον.
299 1941 465 2006 oualther.
476 1944 517 2004 N.
533 1963 560 2005 1.
575 1943 793 2006 nonnum..
810 1947 1011 2006 surram
1027 1944 1246 2006 cornacus

151 2045 424 2107 ΠΟΛΙΟὟΧΟΙΟ.
465 2043 517 2107 ef.
545 2045 642 2106 Eum.
665 2043 736 2105 181.
759 2044 851 2107 1008.
876 2041 990 2122 Ἀθηνᾶ
1015 2050 1186 2127 Πολιοῦχος
1214 2044 1246 2107 in

152 2142 244 2220 Chio,
257 2144 413 2208 Herodot.
428 2165 455 2223 1,
470 2146 538 2210 160.
555 2144 692 2208 Athenis
706 2168 758 2231 ap.
770 2143 959 2209 Androtion.
975 2145 1006 2208 in
1022 2145 1119 2208 schol.
1135 2144 1196 2210 Od.
1209 2151 1245 2209 A.

150 2261 225 2327 270.
248 2245 422 2309 BLOMF.

192 2361 246 2427 70.
261 2344 378 2426 Ἐρινὺς
392 2348 441 2410 Μ.
465 2346 570 2433 Vulgo
583 2347 728 2429 Ἐριννός.

192 2446 224 2531 ἡ]
237 2447 257 2527 ἦ
272 2447 323 2510 Μ.
338 2448 469 2534 aprima
484 2472 591 2527 manu,
605 2449 736 2514 fortasse
749 2473 790 2513 ex
805 2472 837 2512 v.
853 2466 928 2533 970.

193 2567 247 2630 71.
261 2548 324 2633 μοι]
339 2576 396 2628 μου
410 2550 495 2614 Rob.

192 2652 372 2736 πρυμνόθεν]
387 2655 571 2733 πρευμνόθεν
583 2653 732 2717 Cantabr.
744 2652 910 2717 secundus.
935 2651 1140 2716 Scribendum
1157 2652 1248 2734 πρέμ·

152 2758 239 2817 νοθεν
254 2775 326 2817 cum
344 2754 540 2830 Blomfieldo,
556 2756 643 2841 quod
657 2779 688 2819 v.
708 2758 801 2841 1056.
817 2778 856 2819 ex
871 2754 939 2818 cod.
956 2754 1091 2818 restituit
1115 2755 1158 2818 Is.
1171 2755 1249 2817 Vos-

150 2853 231 2918 sius:
255 2877 350 2939 quam
365 2855 612 2920 emendationem
627 2859 789 2921 confirmat
804 2857 897 2920 etiam
912 2856 989 2920 illud
1006 2856 1091 2942 quod
1113 2858 1249 2936 έκθομνί-

152 2979 222 3034 σητε
236 2956 267 3018 in
284 2956 465 3042 metaphora
480 2980 613 3044 pergens
626 2958 708 3022 dixit
724 2958 905 3045 AEschylus.

193 3056 373 3142 πρέμνοθεν]
397 3060 427 3122 A
449 3061 559 3145 stirpe.
582 3061 641 3124 ἀπὸ
664 3064 778 3139 βάθους
802 3060 942 3142 ἐσχάτου.
971 3060 1105 3141 πρυμνὸν
1133 3060 1249 3141 γὰρτὸ

151 3159 294 3241 ἔσχατον.
329 3159 432 3224 Schol.
448 3159 479 3224 in
495 3161 631 3248 Oppian.
653 3162 729 3226 Hal.
748 3183 778 3237 1,
793 3179 866 3246 455.
889 3183 983 3247 quern
1005 3161 1130 3225 induxit
1154 3184 1249 3247 prava

150 3257 249 3323 lectio.
285 3261 380 3325 Errat
402 3262 493 3325 etiam
518 3262 710 3348 Hnychius
726 3264 878 3344 Πρυμνόν.
903 3262 937 3324 τὸ
958 3263 1098 3344 ἔσχατον.
1133 3261 1247 3325 Timaei

151 3362 232 3425 Lex.
255 3385 326 3448 pag.
344 3380 417 3426 222.
433 3362 583 3444 Πρέμνον.
606 3365 640 3427 τὸ
662 3371 714 3428 τοῦ
733 3365 856 3445 δένδρον
871 3361 1018 3444 στέλεχος
1040 3362 1088 3424 καὶ
1103 3364 1246 3442 ἕδρασμα.

151 3463 302 3550 Apollon.
319 3464 424 3527 Rhod.
443 3483 472 3541 2,
488 3466 562 3542 481.
586 3467 638 3544 Μὴ
660 3466 781 3546 ταμέειν
794 3465 926 3547 πρέμνον
940 3464 1025 3545 δρυὸς
1046 3465 1157 3542 ἥλικος.
1196 3463 1247 3526 Cf.

152 3564 334 3629 Callimach.
351 3567 446 3629 Dian.
464 3584 536 3650 239.
552 3566 622 3630 Del.
638 3587 709 3632 210.
725 3586 799 3650 322.
836 3566 925 3629 Infra
943 3567 1036 3648 1056.
1053 3563 1108 3627 αἴτ’
1124 3567 1248 3629 Οἰδιπό-

150 3673 203 3732 ὃον
225 3668 317 3734 Γένος
339 3667 475 3732 ὠλέσατε
493 3669 661 3750 πρέμνοθεν
682 3673 783 3738 οὕτως.
807 3669 861 3732 ubi
877 3668 949 3732 vide
971 3681 1068 3730 notua.
1102 3665 1248 3751 Sophocl.

150 3768 264 3855 Antig.
281 3772 418 3852 714.Τᾶ
440 3768 465 3831 δ’
481 3770 670 3834 ἀντιτείνοντ’
686 3773 862 3853 αὐτόπρεμν’
876 3773 1051 3834 ἀπόλλυται.
1075 3768 1129 3832 ubi
1152 3766 1248 3831 schol.

150 3872 348 3950 αὐτόπρεμνα.
373 3872 536 3951 αὐτόρριζον.
566 3871 777 3935 consentiente
802 3872 963 3960 Hesychio
987 3870 1018 3934 in
1047 3895 1077 3935 v.
1106 3869 1160 3934 ubi
1185 3869 1248 3934 vid.

149 3972 275 4035 Albert.
294 3970 409 4056 Eurip.
425 3971 559 4058 Hippol.
575 3973 647 4035 681.
670 3975 743 4039 Ζεύς
757 3972 796 4047 σ’,
813 3977 830 4036 ὁ
844 3973 995 4055 γεννήτωρ
1011 3973 1080 4051 ἐμὸς
1093 3971 1249 4052 πρόρριζον

150 4075 328 4155 ἐκτρίψειεν.
353 4072 406 4135 nbi
430 4072 493 4138 vid.
511 4073 624 4138 Monk.
642 4074 766 4139 Sallust.
783 4077 822 4138 B.
840 4077 877 4138 C.
893 4095 923 4159 3.
942 4075 1115 4157 Carthago,
1132 4072 1249 4135 remulo

149 4176 276 4261 imperii
290 4177 440 4250 Romani,
454 4198 476 4237 a
490 4196 611 4237 srrnrn
626 4177 760 4239 interiit.
787 4175 928 4256 Πρέμναν
938 4175 1071 4239 occurrit
1084 4172 1248 4258 Aristoph.

150 4276 227 4361 Lys.
253 4278 326 4358 267.
350 4277 539 4362 Harpocrat.
565 4277 806 4357 Ἐξεπρέμνιζον,
832 4277 898 4340 ἀντὶ
921 4280 974 4340 τοῦ
999 4280 1191 4354 κατέβαλλον
1213 4278 1249 4338 τὸ

148 4376 275 4457 πρέμνα,
291 4377 427 4440 τουτέστι
439 4377 528 4461 μέχρι
541 4379 627 4459 ῥιζῶν
643 4381 678 4442 τὸ
693 4377 834 4460 στελέχη.
868 4377 1064 4455 Δημοσθένης
1078 4379 1112 4440 έν
1128 4381 1168 4462 τῷ
1182 4377 1250 4456 περὶ

148 4476 273 4559 Ἀγνίου
289 4476 406 4558 κλήρου.
431 4478 603 4542 BLOMF.
