2978 5062
211 335 254 400 62
566 338 941 402 ANNOTATIONES

208 503 343 578 δεικνόει,
358 500 445 587 quod
461 501 553 567 habet
569 503 612 580 D,
627 502 678 566 vel
697 508 757 571 τοῖς
778 503 869 583 πάρος
883 506 961 570 θεοῖς
975 506 1133 577 δείκνυσιν,
1149 506 1235 591 quod
1251 523 1297 569 est

207 603 239 666 in
255 602 387 667 vindob.
403 619 516 690 quarto
529 620 560 669 et
574 603 653 668 Ald.
669 607 770 668 Turn.

250 705 373 789 αἰχμάν]
389 705 498 788 οίχμήν
512 708 561 769 Μ.
576 705 690 791 aliique
705 702 851 768 nonnulli.

248 806 323 886 408.
337 807 590 890 μεγαλοσχήμονά
603 804 643 893 τ’]
658 803 898 887 μεγαλοσχήμον
912 803 956 868 ἅτ’
974 806 1053 869 Ald.

248 928 325 994 409.
349 909 489 974 στένουσι
512 912 560 973 Μ.
580 923 612 972 et
631 905 765 970 Vindob.
789 904 909 990 primus
932 920 964 970 et
983 907 1093 971 tertius
1115 930 1186 971 cum
1212 910 1294 973 Roh

208 1010 313 1098 Vulgo
327 1011 486 1087 στένουσα,
501 1009 585 1096 quod
609 1006 723 1071 librarii
744 1021 917 1093 posuerunt
932 1029 994 1070 non
1016 1010 1296 1074 animadvertentes

205 1117 347 1196 πρόπασα
360 1117 443 1197 χεῖρα
456 1135 527 1176 curn
542 1109 653 1197 plurali
668 1108 868 1194 conjunctum
885 1132 951 1171 esse
965 1110 1115 1174 στένουσι.

247 1236 321 1296 410.
344 1213 574 1297 ξυνομαιμόνων]
590 1211 750 1274 Atlantem
772 1223 804 1272 et
827 1209 1015 1273 Menoetium
1039 1211 1182 1298 intelligit
1204 1214 1293 1277 scho-

204 1317 306 1381 liastes
319 1316 485 1402 antiquior,
500 1312 659 1377 Atlantem
675 1325 705 1373 et
718 1309 900 1395 Typhoeum
917 1310 1004 1375 alter.
1035 1315 1218 1399 Utrumque
1232 1314 1293 1378 dici

204 1433 313 1505 potest.
348 1415 530 1503 Apollodor.
557 1435 584 1491 1,
606 1432 635 1475 2.
656 1411 792 1475 Ἰαπετοῦ
817 1413 849 1474 δέ
873 1413 921 1476 καῖ
946 1412 1052 1481 Ἀσίας
1075 1420 1126 1494 τῆς
1143 1413 1292 1480 Ὠκεανοῦ

198 1519 324 1597 Ἀτλας,
340 1518 372 1585 δς
394 1518 457 1600 έχει
475 1521 537 1581 τοῖς
551 1516 639 1593 ὤμοις
659 1513 712 1576 τδν
727 1513 863 1593 οὐρανόν·
889 1515 935 1577 καὶ
950 1517 1123 1597 Προμηθεὺς
1146 1519 1193 1580 καὶ
1209 1516 1293 1580 Ἐπι-

201 1620 308 1701 μηθεὺς
330 1622 379 1683 καῖ
405 1620 571 1693 Μενοίτιος,
597 1614 633 1678 δν
658 1616 844 1695 κεραυνώσας
870 1617 903 1679 ἐν
929 1622 963 1703 τῇ
987 1623 1192 1703 Τιτανομαχίη
1217 1620 1292 1686 Ζεὺς

201 1720 466 1802 κατεταρτάρωσεν.
512 1715 603 1794 Quod
632 1715 673 1777 ud
702 1714 886 1800 'l'yphoeum
911 1734 1039 1804 spectat,
1054 1721 1152 1804 filius
1177 1721 1291 1784 dicitur

205 1826 317 1888 Terrae
330 1845 358 1885 v.
373 1839 446 1906 351.
463 1834 498 1884 ut
511 1831 542 1882 et
556 1817 622 1903 ipse
637 1816 843 1880 Prometheus
857 1841 887 1880 v.
905 1838 977 1885 210.
1004 1822 1171 1885 STANL.
1208 1829 1290 1901 ξυνο-

199 1927 340 2004 μαίμονες
362 1921 451 1986 nimis
471 1933 602 2005 anguste
617 1917 784 2003 exponitur
797 1919 838 1983 ab
855 1920 902 2000 iis,
916 1922 971 2007 qui
987 1922 1148 1987 Atlantem
1169 1939 1200 1988 et
1216 1926 1288 1988 Me·

200 2024 328 2089 noetium
344 2024 453 2088 fratres
469 2019 658 2098 Promethei,
671 2032 727 2083 aut
742 2019 904 2085 Atlantem
921 2037 953 2088 et
968 2024 1158 2110 Typhoeum
1179 2025 1290 2089 intelli-

197 2142 288 2215 gunt.
319 2127 436 2190 Omnes
449 2123 529 2187 enim
548 2122 678 2185 Titanes
694 2122 751 2186 hoc
767 2122 919 2187 vocabulo
933 2123 1147 2211 designantur.
1173 2128 1273 2191 SCH.

239 2248 313 2313 413.
345 2233 427 2290 σοῖσι
454 2247 491 2287 ex
521 2221 641 2308 aliquot
666 2222 826 2287 codicibus
853 2226 1020 2290 Porsonus.
1062 2228 1287 2292 Revocandum

197 2329 282 2417 quod
305 2328 335 2392 in
357 2326 511 2413 plerisque
533 2338 579 2387 est
601 2330 676 2397 σοῖς,
699 2339 731 2388 et
753 2324 784 2387 in
806 2348 904 2389 unum
926 2350 1049 2391 versum
1070 2329 1289 2416 conjungenda

197 2431 292 2497 verba
303 2428 562 2495 Ἀσίας-θνατοί.
602 2427 683 2489 Nam
701 2431 806 2491 θνατοί
818 2451 875 2513 pro
890 2431 994 2509 θνητοί
1005 2445 1086 2493 recte
1102 2431 1220 2516 praebet
1235 2433 1285 2495 Μ.

236 2534 308 2613 416.
323 2528 477 2611 παρθένοι]
492 2530 677 2591 Amazones.

236 2633 334 2716 μάχας
354 2633 401 2694 Μ.
422 2628 548 2714 aliique.
582 2628 646 2693 Alii
666 2627 786 2711 μάχαις,
807 2631 892 2716 quod
916 2646 961 2694 est
984 2633 1014 2694 in
1036 2633 1167 2696 A.B.D.
1185 2632 1288 2716 μάχαν

196 2735 277 2799 Rob.
292 2731 388 2815 μάχης
402 2729 477 2794 Ald.
516 2730 602 2792 Nihil
618 2731 657 2794 ad
668 2733 871 2818 judicandam
888 2732 968 2796 hanc
982 2733 1143 2818 scripture
1157 2735 1284 2798 diversi-

195 2850 288 2901 tatem
310 2834 430 2898 confert
452 2854 558 2895 versus
583 2834 745 2919 Sophoclis
766 2835 806 2898 ab
830 2833 1016 2897 Blomlieldo
1037 2835 1169 2899 collatus
1194 2839 1284 2924 Ajsc.

193 2939 266 3023 364.
281 2937 334 3000 τὸν
348 2937 381 2998 έν
396 2933 487 3000 δαΐοις
502 2935 646 3014 ἄτρεστον
659 2934 778 3017 μάχαις.
816 2939 963 3000 Ceterum
978 2937 1077 3021 μάχας
1092 2963 1152 3003 non
1175 2942 1285 3027 geniti·

193 3060 251 3102 vus
264 3053 320 3113 est,
336 3035 391 3122 qui
406 3034 556 3098 Elmsleio
571 3035 744 3112 videbatur,
760 3037 813 3100 sed
828 3038 1033 3102 accusativus.

234 3159 308 3222 419.
330 3138 423 3200 τόπον
439 3138 487 3200 Μ.
502 3135 617 3222 aliique
635 3151 666 3200 et
682 3138 763 3201 Rob.
797 3141 891 3220 πόρου
907 3142 1010 3203 Turn.
1045 3143 1192 3229 Utroque
1213 3168 1284 3207 oon·

187 3243 299 3329 juncto
313 3242 405 3303 τόπον
418 3241 511 3319 πόρον
525 3238 602 3301 Ald.
628 3239 826 3326 “Aristoph.
844 3244 901 3304 Av.
919 3261 991 3326 245.
1010 3245 1068 3307 όσα
1088 3247 1114 3306 τ’
1129 3247 1284 3327 εὐδρόσους

192 3369 225 3408 τε
243 3346 300 3420 Γῆς
321 3342 427 3405 τόπους
450 3340 543 3422 ἔχετε.
567 3341 682 3427 Eurip.
697 3341 783 3428 apud
807 3343 911 3407 Strab.
927 3367 959 3429 p.
976 3348 1049 3408 616.
1066 3348 1160 3410 ναίειν
1175 3352 1283 3411 Κελαί-

191 3469 244 3511 νας
260 3439 397 3524 ἐσχάτοις
407 3439 487 3520 Ἴδης
500 3443 609 3508 τόποις.
635 3445 696 3506 ‘In
713 3443 848 3521 talibus?
863 3445 965 3532 inquit
980 3446 1127 3511 Valcken.
1143 3449 1182 3511 ad
1200 3450 1283 3536 Hip-

190 3544 254 3632 pol.
278 3561 367 3626 1053.
392 3541 592 3627 ‘frequenter
613 3548 713 3609 τόπον
735 3546 942 3612 meminerunt
966 3549 1086 3636 tragici,
1111 3553 1282 3637 praesertim

191 3642 378 3729 AEschylus3
402 3665 441 3704 ex
457 3666 522 3728 quo
536 3650 706 3723 Σαλαμῖνος
727 3648 845 3721 τόπους,
862 3650 990 3716 Αὐλιδος
1010 3649 1127 3726 τόπους,
1143 3652 1284 3719 Πέλοπος

189 3747 281 3812 τόπον
299 3744 437 3807 enotavit
463 3744 616 3808 Abresch.
641 3747 749 3810 Anim.
772 3748 810 3811 ad
837 3749 945 3814 AEsch.
973 3771 997 3813 1.
1018 3775 1044 3815 c.
1067 3771 1119 3836 32.
1146 3776 1177 3838 p.
1201 3756 1284 3838 232?

189 3848 274 3914 citu
283 3844 348 3908 v.d.
363 3845 458 3931 Soph.
470 3846 588 3909 Trach.
599 3850 691 3910 1116.
704 3846 849 3928 δράκοντα
858 3851 962 3930 μήλων
970 3853 1077 3933 φύλακ’
1089 3853 1133 3917 ἐπ’
1146 3854 1283 3937 ἐσχάτοις

187 3948 297 4024 τόποις,
316 3960 348 4009 et
369 3947 465 4033 hujus
487 3947 602 4012 sabulae
617 3973 647 4011 v.
662 3952 738 4035 356.
762 3951 836 4033 πρὸς
859 3953 1002 4035 ἐσπέρους
1022 3955 1137 4023 τόπους.
1176 3957 1281 4043 Adjici

187 4063 288 4138 potest
303 4046 453 4133 Diphilus
468 4049 616 4113 Athenaei
632 4053 661 4114 6.
679 4074 709 4137 p.
728 4070 788 4136 223
806 4055 848 4116 A.
860 4052 905 4116 Ὠ
918 4053 996 4118 τάνδ’
1011 4058 1215 4122 ἐποπτεύουσα
1235 4063 1283 4124 καὶ

188 4147 345 4230 κεκτημένη
360 4155 532 4231 Βραυρῶνος
555 4155 633 4232 ῖεροῦ
652 4153 890 4234 θεοφιλέστατον
909 4154 1011 4230 τόπον,
1028 4165 1140 4237 Λητοῦς
1156 4159 1228 4226 Διός
1249 4187 1282 4224 τε

186 4249 346 4330 τοξόδαμνε
360 4250 500 4331 παρθένε,
516 4251 574 4320 Ὡς
588 4257 617 4317 οῖ
631 4258 779 4339 τραγῳδοί
790 4265 896 4337 φασιν,
913 4259 956 4324 οῖς
976 4262 1096 4338 ἐξουσία
1106 4259 1215 4324 Ἔστιν
1228 4262 1279 4324 λέ-

186 4379 251 4436 γειν
266 4353 383 4416 ἅπαντα
397 4353 445 4415 καῖ
459 4360 556 4418 ποιεῖν
570 4353 701 4435 μάνοις.”
725 4357 898 4421 BLOMF.

228 4472 300 4535 420.
315 4452 460 4532 Ἀραβίας
474 4455 500 4516 τ’
513 4456 613 4534 άρειον
626 4456 727 4540 άνθος]
748 4459 830 4520 Cum
847 4472 912 4523 totu
926 4458 1011 4524 chori
1027 4460 1126 4526 oratio
1140 4460 1170 4525 in
1187 4463 1281 4527 maris
