2978 5062
253 342 318 407 184
615 339 994 405 ANNOTATIONES

254 505 419 593 Aristoph.
443 505 530 569 Plut.
551 507 627 590 328.
649 520 682 569 et
703 506 799 569 schol.
824 503 1001 569 BLOMF.
1038 503 1137 567 πίστις
1163 500 1202 565 B.
1226 514 1259 563 et
1279 499 1351 563 Sto·

254 609 353 674 baeus.

295 726 349 794 55.
376 709 510 794 ἔλειπον]
537 710 643 774 ἔλιπον
669 710 754 772 Α.Β.
781 705 910 793 aliique,
937 703 1148 791 superscripto
1172 703 1205 766 in
1232 701 1271 764 B.
1295 702 1353 780 γδρ

254 835 313 900 pro
327 814 364 876 δ’.

296 917 350 999 56.
365 914 472 997 πύλας]
488 914 596 978 πύλαις
609 934 674 976 var.
690 911 759 976 lect.
775 933 826 996 ap.
843 910 1043 973 Turnebum.

297 1015 377 1100 άγοι]
394 1016 453 1100 ἄγῃ
466 1013 586 1100 aliquot
600 1013 694 1077 codd.

297 1116 350 1199 58.
372 1114 529 1199 τάγευσαι]
553 1115 686 1191 Ονιίίαα,
707 1135 797 1177 sensu
823 1110 941 1174 rariori.
981 1108 1137 1195 Analogia
1160 1107 1298 1195 postulat
1318 1121 1355 1170 ut

254 1215 406 1301 significet
427 1217 495 1279 ιίιιπ
516 1239 597 1280 aurit.
636 1217 696 1280 Eat
715 1213 798 1278 enim
813 1237 833 1277 a
853 1213 955 1293 ταγὸς,
980 1226 1017 1275 ut
1041 1212 1172 1275 δουλεύω
1192 1233 1212 1273 a
1236 1214 1352 1276 δοῦλος.

255 1318 432 1383 BLOMF.

299 1422 351 1482 60.
368 1421 474 1506 κονίει]
492 1425 585 1483 κονιεῖ
599 1419 648 1481 Μ.
666 1416 743 1481 Ald.

300 1521 353 1582 61.
375 1518 563 1604 πνευμόνων]
587 1517 762 1597 πνευμάτων
784 1515 905 1580 codices
928 1528 1086 1599 quattuor.
1132 1512 1184 1576 Sic
1208 1511 1240 1575 in
1266 1511 1354 1598 frag·

256 1634 362 1683 mento
378 1619 539 1705 Sophoclis
548 1638 622 1703 320.
637 1623 701 1703 (ap.
712 1616 809 1682 schol.
827 1615 920 1681 Pind.
932 1615 1029 1706 Pyth.
1040 1637 1072 1695 4,
1086 1616 1178 1700 398.)
1195 1611 1355 1677 ἑκπνίουσι

255 1719 430 1800 πνευμάτων
453 1722 511 1784 άπσ
537 1719 697 1805 scriptum,
720 1719 770 1782 cui
795 1721 969 1798 πνευμόνων
992 1732 1075 1782 recte
1094 1715 1230 1780 restituit
1254 1715 1354 1800 Berg-

258 1821 338 1885 laius.

300 1922 353 1987 62.
377 1921 448 1988 ναὸς
463 1921 557 1986 B.M.
590 1920 696 2006 Vulgo
711 1921 792 2000 νηὸς,
805 1921 892 2008 quod
909 1920 1052 1985 Ionicum
1072 1935 1128 1984 est.
1173 1919 1272 1982 Hunc
1286 1939 1355 1981 ver-

257 2045 327 2087 sum
349 2036 571 2088 mutuatusest
586 2020 758 2108 Euripides
775 2022 865 2085 Med.
879 2040 953 2105 523.
975 2020 1064 2108 quod
1085 2019 1207 2084 monuit
1222 2017 1354 2083 Valcke-

257 2147 334 2188 naer.
349 2123 390 2188 ad
414 2123 547 2209 Hippol.
568 2125 659 2186 1226.
674 2137 705 2186 et
727 2138 798 2208 post
814 2144 887 2186 eum
909 2124 1081 2198 Porsonus,
1096 2120 1152 2208 qui
1173 2120 1206 2184 in
1230 2119 1355 2184 Medeae

256 2224 326 2290 loco
340 2225 412 2293 ναδς
426 2224 535 2289 edidit.
559 2224 735 2288 BLOMF.

300 2328 353 2410 63.
369 2326 495 2413 φράξαι]
517 2324 629 2409 φάρξαι
643 2324 872 2412 postulaturus
886 2324 1078 2403 Atticorum,
1094 2325 1134 2389 de
1147 2347 1213 2411 quo
1225 2323 1293 2388 dixi
1314 2322 1356 2385 ad

258 2426 355 2513 soph.
386 2426 498 2512 Autig.
530 2445 603 2510 235.
639 2425 806 2508 φράξαντες
840 2424 957 2511 legitur
993 2427 1082 2490 Pers.
1101 2429 1178 2510 456.
1215 2425 1357 2507 φράξειεν

256 2529 375 2615 Agam.
394 2531 485 2613 1376.
508 2525 724 2608 ἐφραξάμεσθα
738 2526 820 2590 infra
835 2550 865 2589 v.
879 2528 954 2611 798.
978 2529 1165 2610 ναύφρακτος
1181 2530 1269 2592 Pera.
1281 2546 1355 2610 950.

260 2649 352 2713 1027.
391 2631 471 2707 Quae
485 2627 589 2690 omnia
603 2625 712 2690 eodem
729 2627 823 2691 modo
837 2641 911 2692 sunt
925 2627 1117 2715 corrigenda.

300 2733 354 2810 64.
366 2729 490 2812 Ἀρεος]
509 2725 716 2791 scribendum
726 2724 843 2808 Ἀρεως
857 2750 896 2791 ex
913 2730 966 2792 M.

301 2835 447 2914 χερσαῖον
461 2828 553 2893 σοάά.
576 2827 718 2913 plerique
731 2844 763 2892 et
779 2829 888 2914 steph.
922 2830 1066 2913 χερσαίου
1086 2828 1179 2916 pauci
1192 2851 1264 2893 cum
1278 2829 1356 2894 Ald.

259 2931 344 2996 Rob.
363 2932 466 2995 Tum.

303 3039 380 3113 κῦμα
393 3037 539 3115 χερσαῖον
553 3030 692 3115 προτοῦ]
710 3030 857 3096 Similiter
871 3033 952 3098 insta
968 3035 1019 3098 80.
1035 3036 1085 3116 ῥεῖ
1096 3035 1190 3100 πολὺς
1204 3034 1255 3098 ὅδε
1268 3035 1357 3101 λεύς.

262 3152 333 3212 114.
350 3138 425 3213 κῦμα
446 3136 503 3214 γὰρ
525 3133 593 3213 περὶ
613 3134 918 3215 πτόλιν-καχλάζει.
942 3150 1034 3218 1077.
1057 3136 1237 3199 ἀλλοδαπῶν
1254 3136 1359 3215 κύματι

260 3241 376 3316 φυτῶν.
401 3232 548 3320 Sophocl.
569 3232 770 3319 Antig.13o.
794 3239 909 3320 Πολλῷ
930 3238 1052 3317 ῥεύματι
1072 3235 1357 3316 προσνισσομένους.

260 3337 374 3424 Eurip.
389 3335 464 3422 Iph.
478 3336 685 3419 Taur.1437.
701 3339 823 3399 Παῦσαι
837 3338 958 3411 διύκων,
973 3336 1067 3418 ῥεῦμά
1081 3335 1105 3400 τ’
1121 3339 1252 3417 ἐξορμόν
1266 3361 1356 3417 στρα-

259 3443 320 3504 τοῦ.
346 3440 418 3502 Ion.
435 3437 487 3500 61.
509 3435 650 3514 πολέμιος
672 3437 795 3499 κλυδύν.
819 3437 916 3501 Rhea.
934 3458 1006 3521 290.
1020 3437 1097 3519 ῥέων
1111 3439 1247 3518 στρατός.
1271 3438 1357 3524 Tyr-

260 3556 341 3606 taeus
362 3561 412 3625 ap.
430 3537 516 3602 Stob.
535 3550 588 3620 51.
611 3558 642 3621 p.
663 3551 733 3620 195.
757 3536 844 3619 Αἶψο
864 3540 896 3600 δὲ
919 3538 1089 3617 δυσμενέων
1110 3539 1225 3620 άνδρῶν
1247 3538 1358 3620 ἔτρεψε

260 3640 422 3722 φάλαγγας
444 3638 604 3720 Τρηχείας,
626 3641 740 3723 σπουδῇ
764 3636 789 3699 τ’
805 3639 915 3720 ίσχεθε
936 3645 1012 3719 κῦμα
1036 3639 1141 3723 μάχης.
1174 3640 1302 3703 Lucret.
1325 3655 1359 3724 5,

263 3742 356 3805 1288.
373 3759 493 3824 aereque
506 3738 577 3800 belli
592 3738 909 3825 Miscebantflroetua.
931 3741 1018 3826 quod
1033 3741 1111 3804 bene
1122 3755 1228 3804 tuetur
1239 3739 1359 3803 Walte-

259 3841 394 3917 fieldius,
409 3839 464 3902 sed
478 3837 533 3902 diu
556 3852 627 3923 post
643 3838 681 3900 P.
693 3837 810 3903 Victor.
827 3841 864 3904 V.
879 3840 920 3903 L.
935 3859 989 3926 37,
1002 3857 1030 3924 7.
1046 3840 1101 3927 qui
1116 3841 1237 3905 confert
1252 3841 1359 3904 Theo-

261 3940 368 4028 pompi
390 3939 508 4003 dictum
531 3937 616 4025 apud
633 3936 850 4018 Plutarchum,
873 3943 966 4021 ῥεῦμα
988 3942 1037 4005 καὶ
1059 3946 1195 4005 κλυδῶνα
1215 3940 1293 4004 πολί
1351 3990 1359 4004 .

263 4040 457 4127 Hegemonis
487 4039 693 4125 Epigramma
719 4063 759 4103 ex
787 4040 856 4105 cod.
884 4042 1034 4105 Vaticano
1058 4041 1146 4105 dedit
1171 4041 1361 4106 Huschkius

262 4141 357 4204 Anal.
369 4164 402 4227 p.
417 4161 486 4225 199.
499 4142 678 4226 optimeque
693 4141 839 4218 restituit,
851 4142 990 4223 Σπάρτας
1002 4144 1097 4225 χίλιοι
1108 4144 1214 4223 ἇνδρες
1229 4143 1361 4225 ἔπεσχον

260 4245 354 4324 ῥεῦμα
376 4240 409 4304 τδ
430 4247 569 4322 Περσῶν,
591 4263 651 4326 pro
666 4242 738 4321 αίμα
759 4244 793 4306 τδ
810 4249 850 4305 Π.
888 4243 940 4307 Cf.
958 4244 1071 4306 Horat.
1087 4246 1192 4308 Carm.
1210 4264 1241 4321 2,
1259 4260 1290 4326 7,
1310 4260 1359 4327 15.

262 4341 453 4407 Valckenaer.
468 4342 499 4404 in
517 4340 678 4405 Theocrit.
694 4341 850 4405 Adoniaa.
865 4364 898 4428 p.
913 4345 987 4427 365.
1012 4345 1187 4409 BLOMF.

304 4446 356 4528 65.
371 4442 475 4527 τῶνδε]
490 4445 576 4509 τάνδε
590 4440 710 4527 aliquot
725 4442 816 4508 oodd.
831 4457 863 4508 et
877 4443 957 4508 Ald.
973 4446 1077 4508 Turn.
1097 4524 1100 4529 .
