2978 5062
256 330 322 393 204
618 333 997 397 ANNOTATIONES

303 499 375 577 766.
392 497 516 581 τέλειαι]
531 498 634 561 τέλεια
649 499 688 560 Β.
701 499 805 560 Turn.
820 487 924 562 τέλειά
937 499 986 560 Μ.
1001 520 1072 560 cum
1089 496 1206 562 scholio
1219 498 1362 563 absurdo

259 597 293 659 τὸ
307 597 409 662 τέλεια
422 598 488 662 ἀντὶ
502 605 554 662 τοῦ
569 598 692 662 τέλειαι·
715 602 811 680 δφῆκε
825 602 858 663 δὲ
872 600 906 663 τὸ
922 626 932 662 ι
947 602 995 663 διδ
1009 599 1043 663 τὸ
1057 599 1174 681 μέτρον.

301 702 488 780 παλαίφατοι
509 701 604 784 ἀραὶ]
627 701 745 764 Hiatus
765 701 903 764 vitiosus.
926 701 1126 783 παλαιφάτων
1144 702 1212 781 ἀραὶ
1228 702 1276 763 Μ.
1294 702 1358 764 Bo-

259 822 339 864 rooc.
356 800 432 865 Ald.
449 803 533 866 unde
552 803 751 885 παλαιφάτων
769 805 844 883 ἀρᾶν
862 810 984 884 βαρεῖαι
1006 805 1195 884 καταλλαγαὶ
1209 804 1359 889 Engerus

257 900 298 965 de
313 902 484 990 AEschyliis
497 905 791 992 antistrophicorum
807 904 1060 991 responsionibus
1074 926 1107 990 p.
1125 922 1173 984 17.

302 1008 373 1085 768.
396 1005 550 1091 πελόμεν’]
566 1006 658 1070 Libri
677 1006 818 1093 plerique
839 1003 1005 1086 τελλόμεν’,
1021 1028 1094 1090 quae
1109 1003 1238 1089 vulgata
1258 1007 1356 1092 scrip·

256 1120 328 1170 turo
349 1121 405 1186 est,
429 1109 478 1172 vel
500 1111 645 1188 πελόμεν’,
668 1107 761 1194 pauoi
782 1106 947 1187 τελούμεν’.
970 1110 1098 1186 τελόμεν
1113 1106 1191 1170 Ald.
1235 1108 1357 1193 Recepi

255 1207 407 1288 πελόμεν’,
423 1209 508 1295 quod
524 1208 555 1272 in
572 1209 722 1274 Cantobr.
739 1208 876 1273 secundo
891 1208 1148 1295 superscriptum.

300 1312 371 1395 769.
386 1312 584 1391 πρόπρυμνος,
600 1311 684 1376 Ante
702 1312 848 1398 puppim.
870 1310 1058 1392 πρόπρυμνος
1080 1310 1205 1389 ἐκβολὴ,
1215 1312 1354 1396 jacuero

222 1432 359 1498 »quera
378 1417 483 1499 puppi
492 1415 550 1497 fit.
597 1412 720 1477 Scilioet
734 1436 810 1499 opes
823 1437 840 1476 e
853 1410 955 1500 puppi
968 1411 1221 1498 projiciebantur.
1268 1413 1355 1475 Bene

254 1513 386 1578 oontulit
410 1514 566 1578 Stonleius
587 1516 663 1578 Act.
685 1517 799 1600 Apost.
822 1517 937 1596 27,18.
983 1515 1056 1578 Non
1079 1513 1211 1577 oontulit
1233 1515 1350 1599 Agam.

259 1633 352 1679 1010.
368 1617 426 1680 Kal
441 1616 475 1679 τδ
488 1619 546 1696 μὲν
559 1617 616 1698 πρὸ
631 1616 789 1699 χρημάτων
805 1618 942 1695 Κτησίαν
957 1618 1043 1682 ὄκνος
1056 1618 1164 1695 βαλὸν
1179 1613 1353 1696 Σφενδόνας

254 1714 304 1780 ἀπ’
331 1717 481 1799 εὐμέτρου,
512 1718 576 1781 Οὐκ
604 1718 654 1781 ἔδυ
683 1715 797 1799 πρόπας
824 1715 1028 1798 γόμον-Οὐδ’
1057 1714 1195 1781 ἐπόντισε
1224 1716 1353 1798 σκάφος.

256 1818 432 1883 BLOMF.
470 1816 664 1900 πρόπρυμναν
693 1819 772 1885 Ald.
801 1819 885 1884 Rob.
923 1817 1113 1900 πρόπρυμνον
1143 1821 1248 1884 Turn.
1279 1818 1353 1900 πρά-

254 1915 388 2011 πρυμνόδ
403 1931 442 1993 C.

298 2032 446 2117 έκβολδν]
464 2034 600 2111 έκβολῶν
617 2033 666 2097 Μ.
683 2056 763 2120 apr.
780 2057 822 2097 m.

297 2149 371 2216 770.
394 2149 466 2216 771.
489 2133 521 2196 in
545 2156 642 2197 unum
666 2135 878 2222 conjungendi
900 2156 1022 2197 versum
1045 2148 1077 2196 et
1100 2131 1131 2194 in
1154 2131 1351 2218 antistropho

254 2238 329 2318 776.
346 2251 420 2319 777.
465 2237 580 2300 Versus
595 2251 642 2300 est
656 2236 856 2302 dochmiaous
870 2260 941 2301 oum
957 2234 1096 2300 clausula
1109 2233 1327 2298 choriambico.

298 2350 369 2419 770.
393 2339 554 2420 ἀλφηστᾶν
576 2340 627 2402 Μ.
649 2341 814 2421 ἀλφηστῶν
834 2339 907 2404 edd.
929 2353 1002 2404 ante
1022 2336 1229 2401 Brunokium.
1252 2339 1350 2419 ἀλφη.

254 2438 354 2502 στάιον
369 2440 450 2504 RE.
465 2454 497 2504 et
513 2440 646 2506 Vindob.
662 2441 735 2505 duo.

295 2542 459 2623 ἀλφηστὴς,
475 2544 637 2607 Inventor.
661 2543 723 2621 Qui
738 2543 796 2607 sibi
811 2542 888 2629 quid
908 2543 1062 2606 lucratur.
1107 2540 1250 2627 Hesych.
1273 2539 1346 2604 Ἀλ·

252 2646 372 2724 φησταί.
397 2645 543 2722 ἀμειπταί.
565 2643 768 2733 Ἀλφηστῇσι,
789 2652 851 2712 τοῖς
873 2647 1040 2725 εὑρετικοῐς.
1068 2642 1172 2723 ιἰλφέιο
1194 2657 1241 2706 est
1261 2645 1350 2705 inve·

250 2745 316 2823 m'o,
331 2746 504 2808 ποιναὶιαοτ.
528 2745 613 2809 unde
632 2746 788 2829 τιμαλφέα
803 2747 941 2809 Eumen.
958 2764 1006 2828 15.
1023 2747 1096 2828 623.
1142 2747 1212 2807 Vox
1235 2744 1349 2831 saepius

250 2845 385 2910 occurrit
406 2845 438 2908 in
461 2845 619 2933 Odyssea:
646 2847 778 2912 Hesiod.
803 2850 891 2912 Sout.
910 2865 961 2930 29.
982 2849 1043 2932 Op.
1061 2848 1112 2910 82.
1134 2846 1346 2931 Theog.512.

252 2946 400 3011 Eustntb.
416 2947 447 3010 in
465 2948 556 3013 Iliad.
573 2955 607 3012 Σ.
623 2973 695 3036 pag.
709 2951 802 3026 1166,
817 2969 870 3033 45.
889 2946 1117 3029 Ἀπολλόδωρος
1131 2949 1199 3015 τοὺς
1213 2950 1347 3028 ἀκρατεῖς

251 3049 300 3113 καὶ
314 3058 498 3131 καταφερεῖς,
514 3053 671 3133 ἀλφηστὰς
685 3052 777 3125 εἶπεν,
795 3054 829 3114 ἐν
843 3053 892 3135 τῷ,
907 3050 1159 3131 Καταπυγοτέραν
1171 3051 1344 3132 ἀλφηστῶν.

254 3152 369 3214 Verum
386 3151 443 3216 boc
458 3175 520 3216 non
536 3168 583 3217 est
597 3153 797 3240 Apollodori,
812 3152 866 3217 sed
883 3152 1054 3239 Sophronis
1069 3151 1346 3238 mimographiap.

251 3253 392 3340 Etymol.
403 3255 436 3317 in
447 3254 581 3331 voee,de
592 3278 657 3342 quo
668 3254 883 3340 Apollodorus
892 3253 1007 3319 librum
1019 3252 1208 3339 oonsoripsit.
1231 3254 1348 3315 Eusta-

249 3354 336 3420 thius
351 3379 424 3421 vero
442 3379 498 3420 sua
518 3355 622 3420 bausit
636 3379 676 3420 ex
692 3355 850 3420 Athenaeo
866 3371 895 3438 7.
910 3377 942 3441 p.
960 3357 1031 3421 281.
1049 3356 1089 3418 F.
1112 3354 1166 3418 ubi
1189 3369 1270 3418 recte
1292 3355 1346 3416 ἀλ-

250 3461 381 3537 φηστᾶν.
406 3458 579 3523 BLOMF.

293 3575 365 3640 772.
381 3558 514 3648 τοσόνδ’]
531 3558 623 3624 τόσον
638 3559 721 3623 Rob.

293 3673 366 3744 773.
383 3659 544 3739 ξυνέστιοι,
562 3663 626 3735 Qui
639 3660 697 3724 sub
711 3660 822 3724 iisdem
840 3659 963 3723 laribus
984 3661 1073 3723 uiuit.
1119 3656 1265 3745 Intellige
1286 3680 1345 3722 au·

249 3775 323 3838 rom,
338 3763 428 3826 urbis
446 3764 558 3827 incoloe
576 3772 606 3827 es
626 3783 716 3827 omne
736 3763 916 3827 mortalium
934 3784 1048 3849 genus.
1096 3763 1169 3825 Hoc
1190 3775 1237 3825 est
1257 3761 1344 3846 quod

246 3861 324 3927 dicit
346 3862 503 3928 Pindarus
523 3863 574 3930 Ol.
595 3867 717 3947 7,164.
742 3866 815 3928 δίδοι
838 3864 872 3927 δέ
895 3867 924 3927 οἱ
947 3867 1062 3928 αἰδοίαν
1083 3863 1181 3947 χάριν,
1206 3866 1253 3928 καὶ
1277 3862 1343 3929 ποτ’

248 3965 357 4038 ἀστῶν,
375 3966 423 4028 καὶ
435 3966 503 4028 ποτὶ
517 3969 632 4044 ξείνων.
657 3965 833 4029 BLOMF.

292 4081 364 4148 774
381 4063 502 4150 πόλεος]
524 4065 726 4133 scribebatur
739 4064 864 4133 πόλεως.

291 4166 321 4251 δ]
338 4165 469 4231 Aberat.

287 4270 466 4347 πολόβοτος,
485 4271 549 4343 Qui
561 4269 675 4332 multos
689 4269 757 4333 alit.
796 4270 944 4333 Cratinus
958 4270 1043 4355 apud
1061 4270 1225 4358 Hepbaest.
1241 4293 1274 4357 p.
1292 4272 1342 4353 89.

246 4366 296 4431 ed.
314 4366 413 4431 Gaisf.
429 4370 608 4449 πολόβατον
622 4370 763 4452 Σέριφον.
791 4371 923 4435 Homeri
938 4379 1124 4453 πολυβοῦται
1138 4387 1211 4437 sunt
1227 4373 1342 4437 divites
