2978 5062
512 382 579 445 au
603 381 962 445 Paonnrnnun.
1222 365 1287 444 ss

235 566 263 614 2.
286 551 402 629 Σκύθην
417 552 448 616 ἐς
463 549 560 634 οἶμον]
584 553 648 613 Pro
663 550 942 614 eucratadarum
963 550 1123 613 annotavit
1139 549 1287 614 Eustath.

190 649 229 713 ad
245 652 342 713 Hom.
358 674 388 736 p.
406 668 480 735 775,
499 672 526 714 r.
546 672 638 737 1339,
656 667 686 732 7.
709 652 749 714 ad
773 651 905 738 Dionys.
923 651 1045 738 Perieg.
1061 675 1091 714 v.
1107 667 1157 732 74.
1173 667 1205 714 et
1221 652 1289 713 Ste-

191 752 314 839 phanus
337 754 415 838 Byn.
438 777 461 816 s.
478 777 507 816 v.
531 756 644 833 Σκύθης
660 753 902 817 ουπιιείπιὶΙὶἐναο
921 757 1035 833 Σκύθης
1051 756 1154 832 ὅμιλος
1174 775 1213 815 ex
1231 752 1289 815 lrac

192 853 346 939 tragoedia
359 877 390 917 v.
404 874 479 936 417.
495 870 526 918 et
542 858 655 935 Σκύθης
669 859 790 937 σίδηρος
804 878 843 918 ex
857 857 943 941 Sept.
959 854 999 918 ad
1015 853 1080 918 Tb.
1097 856 1169 936 817.
1192 853 1289 917 Vide-

192 968 246 1017 tur
259 970 364 1018 autem
386 969 481 1041 poeta
495 954 526 1019 in
549 956 669 1020 ratione
687 971 864 1044 temporum
887 979 1034 1042 peccare;
1058 955 1196 1042 appellat
1210 955 1292 1018 enirn

195 1055 354 1142 Scythiam
376 1073 515 1143 ternpore
540 1058 729 1132 Promethei,
750 1081 843 1144 quern
871 1057 1017 1122 tredecim
1040 1057 1294 1143 generationibus

195 1157 365 1222 Herculem
381 1159 577 1224 antecessisse
591 1161 635 1224 ait
651 1184 679 1223 v.
694 1178 769 1243 774,
785 1183 856 1224 cunr
873 1160 941 1247 ipsa
957 1159 1085 1246 Scythia
1099 1183 1119 1222 a
1132 1158 1196 1222 filio
1212 1161 1296 1222 Her-

193 1259 271 1323 culis
283 1282 395 1323 nomen
410 1260 590 1325 obtinuerit.
625 1262 775 1348 Stephan.
792 1263 872 1349 Byz.
889 1260 908 1325 Ι.
923 1285 968 1325 c.:
991 1261 1176 1325 Ἐκαλοΰνκο
1191 1264 1296 1342 πρότε·

193 1387 248 1442 ρον
267 1367 405 1440 Ναμαῖοι,
423 1365 533 1426 Σκύθαι
556 1366 588 1426 δέ
608 1364 668 1426 ἀπὸ
690 1366 804 1428 Σκύθου
827 1365 933 1430 παιδὸς
952 1361 1148 1443 Ἡρακλέους.
1185 1365 1297 1448 Atque

194 1461 265 1525 ideo
279 1463 401 1527 cautius
422 1464 563 1550 loquitur
577 1465 763 1529 Herodotus
776 1487 809 1546 4,
826 1465 854 1528 8.
875 1465 915 1529 de
938 1464 1076 1529 adventu
1094 1464 1241 1527 Herculis
1263 1464 1296 1527 in

195 1586 261 1627 eam
278 1564 454 1650 regionem:
480 1568 619 1630 ἐνθεῦτεν
633 1566 687 1629 τὸν
700 1564 857 1647 Ἠρακλέα
872 1566 1030 1632 ἀπικέσθαι
1047 1568 1077 1632 ἐς
1091 1566 1145 1645 τὴν
1157 1571 1210 1629 νῦν
1225 1571 1298 1630 Σκν-

197 1669 262 1744 θίην
275 1668 376 1748 χώρην
391 1667 583 1746 καλεομένην.
628 1666 730 1753 Apud
746 1690 817 1732 eum
840 1668 921 1731 enim
945 1667 1003 1754 ipsi
1019 1665 1125 1730 Graeci
1147 1667 1187 1730 ad
1213 1668 1298 1730 Pon-

197 1784 265 1830 tum
282 1767 456 1831 habitantes
471 1781 609 1844 uarrant,
627 1767 760 1854 Scythas
773 1791 792 1830 a
802 1767 921 1853 juniori
936 1766 1084 1831 Herculis
1097 1790 1137 1830 ex
1153 1767 1299 1831 Echidna

196 1867 260 1932 filio
275 1868 458 1932 nominatos,
500 1867 659 1955 Loquitur
672 1868 770 1955 igitur
784 1884 876 1956 poeta
892 1873 966 1934 κατὰ
980 1872 1136 1951 πρόληψιν
1150 1868 1299 1946 historiae,

198 1985 233 2033 ut
255 1984 286 2033 et
308 1969 421 2054 reliqui
443 1985 544 2054 poetae
571 1969 663 2033 etiam
684 1970 910 2056 castigatissimi
930 1971 1115 2055 loquuntur.
1154 1968 1235 2032 Vide
1257 1972 1299 2032 A.

198 2070 280 2135 Gell.
297 2073 410 2149 10,16.
433 2072 479 2135 Et
492 2070 756 2158 appositissimum
772 2088 818 2136 est
833 2071 919 2157 quod
937 2085 1025 2134 notat
1036 2071 1175 2134 Velleius
1190 2073 1302 2135 Pater·

197 2171 287 2236 culus
306 2194 335 2250 r,
352 2194 382 2258 3.
403 2173 514 2260 Neque
527 2182 574 2236 est
587 2173 669 2259 qaod
687 2175 840 2236 nriremur
854 2175 894 2236 ab
909 2174 1050 2236 Homero
1065 2174 1227 2235 nominari
1243 2175 1302 2237 Co-

198 2275 360 2336 rinthum:
382 2296 457 2336 narn
479 2295 519 2336 ee
538 2295 676 2359 persona
696 2283 795 2360 poetae
816 2284 845 2337 et
867 2275 949 2336 bone
970 2274 1078 2335 urbem
1099 2283 1129 2336 et
1147 2276 1301 2359 quasdam

199 2376 313 2437 Ionum
342 2377 479 2439 colonius
510 2377 553 2439 r'is
581 2377 761 2438 nominibus
789 2375 939 2460 appellat,
965 2374 1078 2460 qrribas
1108 2376 1302 2438 vocabantur

199 2485 292 2540 cetere
306 2480 384 2562 ejus,
400 2479 497 2541 multo
509 2488 580 2564 post
594 2480 695 2541 Ilium
710 2487 836 2564 captam
851 2476 997 2539 eonditoe.
1021 2477 1188 2540 STANL.

244 2581 360 2658 ἄβατον
383 2581 515 2660 (ἄβατόν
535 2580 560 2645 π’
578 2582 627 2643 Μ.
644 2580 762 2668 Rob.)]
788 2579 958 2644 Scholiasta
982 2580 1114 2644 Homeri
1138 2579 1177 2643 Il.
1195 2583 1234 2657 Ξ,
1250 2580 1301 2664 78.

202 2680 232 2744 in
248 2680 353 2744 codice
369 2683 488 2744 Veneto
502 2697 534 2745 et
548 2682 716 2769 Lipsiensi,
734 2682 844 2762 Βροτὸς
858 2685 916 2764 γὰρ
937 2683 985 2746 καὶ
1000 2685 1016 2745 ὁ
1031 2686 1103 2764 φώς·
1126 2683 1173 2747 καὶ
1188 2684 1300 2765 Αἰσχύ·

202 2790 257 2848 λος
272 2790 294 2820 “
306 2783 437 2864 ἄβροτον
453 2787 495 2849 εἰς
510 2783 661 2864 ἐρημίαν,”
677 2789 768 2862 δῆλον
780 2786 814 2846 ἐν
830 2780 848 2869 ᾗ
864 2784 928 2863 φὼς
939 2785 974 2846 ού
985 2785 1109 2865 γίνεται.
1132 2807 1205 2869 quae
1217 2807 1303 2870 repe-

204 2884 340 2948 tiverunt
356 2884 546 2948 Eustathius
570 2907 600 2970 p.
617 2884 690 2969 968,
705 2905 726 2964 4
727 2899 757 2969 5.
774 2899 804 2947 et
820 2884 995 2948 Favorinus
1011 2908 1034 2948 s.
1049 2909 1078 2948 v.
1094 2885 1225 2966 Ἀβρύκη
1240 2889 1302 2966 νύξ.

203 2985 305 3071 Apud
328 2985 424 3049 schol.
441 2985 606 3071 Aristoph.
626 2987 757 3066 ἃβροτον
778 2984 877 3048 codex
890 2986 1028 3049 Venetus
1042 3006 1125 3068 474:
1150 2987 1202 3050 sed
1226 2990 1303 3068 ἄβα-

203 3113 256 3152 τον
270 3086 369 3151 codex
385 3089 555 3151 Ravennae
568 3085 740 3172 Venetique
754 3085 971 3172 apographum
983 3102 1058 3172 475.
1073 3111 1145 3151 cum
1159 3088 1209 3152 ed.
1224 3088 1301 3163 Ald.

203 3204 235 3252 et
256 3188 299 3252 sic
322 3188 436 3252 Suidas
457 3212 586 3276 quoque
606 3187 638 3251 in
657 3187 848 3251 editionibus
869 3189 1039 3267 veteribus,
1059 3213 1117 3276 pro
1138 3213 1203 3276 quo
1221 3213 1304 3254 nunc

204 3292 336 3372 ύβροτον
354 3313 391 3353 ex
411 3289 503 3355 codd.
519 3289 646 3377 optimis
667 3289 857 3353 restitutum.
902 3290 1036 3354 Accedit
1055 3291 1095 3353 ad
1120 3292 1186 3355 baec
1203 3290 1305 3377 glossa

206 3391 370 3478 Hesychii‚
396 3391 565 3473 Ἀβροτονε
598 3391 806 3472 ἀπάνθρωπον,
829 3391 869 3456 ad
896 3390 999 3455 locum
1023 3392 1167 3478 AEschyli
1193 3393 1304 3478 proba·

205 3494 309 3558 biliter
323 3492 420 3557 relata
434 3496 474 3558 ab
491 3493 651 3580 Sopingio.
696 3492 759 3571 Qui
775 3493 869 3556 trium
884 3493 1160 3579 grammaticorum
1175 3516 1305 3558 consen-

194 3619 260 3660 sus
273 3595 347 3659 facit
358 3610 394 3658 ut
408 3596 540 3676 ἄβρατον
555 3616 617 3658 non
630 3594 761 3658 fortuito
777 3594 870 3657 unius
883 3592 998 3658 codicis
1013 3594 1087 3658 vitio
1103 3593 1235 3674 illatum,
1251 3595 1305 3659 sed
1421 3634 1425 3642 -

206 3697 380 3761 communis
394 3697 594 3783 antiquorum
615 3695 766 3759 librorum
782 3694 874 3759 lectio
888 3695 984 3760 fuisse
1001 3695 1155 3775 videatur,
1170 3698 1221 3762 cui
1243 3720 1305 3761 non

206 3800 309 3864 obstat
331 3799 416 3886 quod
439 3801 555 3879 ἄβατον
574 3796 659 3883 apud
686 3796 849 3882 Synesium
872 3797 988 3884 legitur
1007 3798 1110 3884 Epist.
1126 3822 1157 3885 p.
1173 3820 1191 3884 3
1194 3814 1226 3884 5.
1248 3799 1307 3863 nisi

207 3903 293 3988 apud
309 3903 536 3986 huncquoque
551 3898 642 3962 lectio
656 3899 697 3962 ab
711 3897 843 3962 librariis
854 3913 901 3962 est
912 3900 1109 3986 interpolata,
1124 3914 1160 3962 ut
1174 3900 1205 3963 in
1221 3899 1307 3965 libris

207 4004 396 4090 quibusdam
412 4002 584 4066 scholiastae
602 3999 821 4085 Aristophanis
835 4014 865 4062 et
882 4000 988 4064 Suidae
1002 4000 1119 4064 factum
1137 4000 1282 4064 vidimus.

253 4105 390 4188 ἐρημίαν]
407 4109 476 4167 Τῶν
491 4107 612 4167 Σκνθῶν
627 4104 747 4184 ἐρημίας
761 4099 901 4164 meminit
918 4100 1031 4165 Strabo
1050 4122 1075 4164 1.
1091 4124 1124 4187 p.
1138 4118 1190 4186 59.
1208 4102 1306 4164 Iolla·

209 4207 347 4270 arantis
361 4207 430 4290 ejas
441 4207 549 4290 primo
558 4225 653 4290 pars,
667 4201 770 4287 inquit
785 4200 906 4265 Plinius
923 4204 969 4265 H.
982 4204 1024 4266 N.
1037 4208 1066 4279 6,
1081 4220 1127 4285 17.
1142 4225 1163 4265 α
1179 4204 1308 4291 Sythico

205 4307 589 4393 promontorioobrrr'ves,·
610 4302 890 4389 prosimor'aeulta
903 4306 1027 4368 santrio
1035 4306 1190 4392 gentiam.
1214 4305 1309 4369 Adeo

211 4430 283 4473 sane
303 4408 425 4473 deserta
445 4422 481 4470 ut
499 4405 532 4469 in
553 4403 754 4492 proverbium
775 4402 885 4469 abierit
902 4405 920 4484 ἡ
945 4411 1065 4471 Σκνθῶν
1084 4409 1197 4487 ἐρημία.
1237 4406 1305 4472 Vid.
1383 4396 1389 4405 .

749 4526 770 4567 a
