2978 5062
536 356 603 421 ΑΙ)
627 357 815 422 PERSAS.
1161 358 1227 423 805

127 543 263 606 quocum
278 521 323 586 ita
339 524 497 588 consentio
518 538 553 589 ut
574 525 660 590 aliud
683 525 833 592 excidisse
848 525 979 590 verbum
1001 539 1120 614 putem,
1134 524 1227 612 cujus

128 621 205 687 illud
229 626 382 710 glossema
404 641 451 690 est
475 650 514 691 ex
539 652 568 691 v.
594 629 666 710 889,
694 643 730 691 ut
754 627 889 706 videtur,
916 642 1066 693 sumtum.
1111 627 1228 692 Totius

127 724 208 789 enim
224 750 332 793 versus
346 741 481 792 metrum
497 728 555 794 hoc
570 729 696 794 videtur
709 730 805 794 fuisse

472 880 844 968 ὐ”]Ᾰυυ-υυ-ὗ

171 1048 245 1109 900.
275 1029 436 1112 σφετέραις
464 1031 585 1118 φρεσίν]
618 1032 800 1111 Scholiasta,
829 1038 870 1119 τῷ
901 1036 963 1118 ἰδίῳ
992 1036 1139 1120 λογισμῷ,
1163 1036 1228 1098 οἶον

130 1134 273 1212 φρόνιμος
287 1134 337 1196 ὥν.

173 1235 297 1318 φρεσίν]
315 1234 421 1317 χερσὶν
436 1238 479 1298 Α.
498 1238 558 1317 (γρ.
574 1237 627 1316 Β.)
645 1237 761 1323 aliique
776 1236 916 1302 nonnulli
931 1252 963 1301 et
979 1239 1062 1302 Rob.

173 1357 246 1420 901.
273 1337 436 1421 όκόματον]
458 1337 628 1418 ἆκόμανπον
648 1338 768 1426 aliquot
789 1339 880 1404 codd.
903 1341 1067 1419 ἆκαίματον
1088 1341 1164 1405 Ald.
1188 1364 1228 1405 ex

130 1465 195 1527 quo
210 1442 314 1504 Turn.
337 1441 500 1519 ἀναίματον
515 1441 597 1506 fecit.

175 1565 247 1629 903.
263 1541 482 1627 τευχηστήρων]
497 1545 704 1626 τενχηστόρων
718 1543 795 1608 Ald.

174 1667 247 1731 905.
266 1648 442 1728 ἀμφιλόγως
455 1644 548 1709 codd.
566 1644 707 1732 plerique
722 1663 753 1708 et
769 1647 872 1709 Turn.
920 1644 1155 1710 Praeferendum
1177 1647 1231 1725 ἃμ

130 1752 268 1832 φιβόλως
289 1749 375 1835 quod
397 1749 489 1835 pauci
512 1747 602 1812 codd.
625 1748 743 1812 habent
763 1771 835 1812 cum
854 1746 933 1812 Ald.
957 1747 1042 1811 Rob.
1065 1762 1097 1811 et
1118 1746 1230 1833 legisse

132 1852 257 1917 videtur
285 1850 459 1928 scholiasta,
488 1849 545 1937 qui
573 1849 604 1912 in
634 1849 889 1935 interpretatione
916 1873 973 1914 sua
996 1851 1092 1914 verbo
1123 1866 1231 1915 utatur

131 1954 368 2036 ἀμφιβάλλεται.
414 1952 612 2018 Adverbium
640 1953 818 2033 ἀμφιβόλως
840 1965 887 2015 est
912 1951 1016 2016 Theb.
1041 1953 1114 2033 864.
1139 1955 1230 2034 ἀμφι-

131 2055 243 2122 λέκτως
258 2054 300 2119 ib.
317 2056 389 2139 809.

173 2158 351 2240 θεότρεπτα]
372 2160 540 2238 θεότρεπτα
555 2160 604 2222 M.
623 2157 773 2222 Cantabr.
796 2155 915 2242 primus
932 2169 963 2220 et
979 2153 1056 2219 Ald.
1080 2156 1231 2220 θεόπεπτα

135 2263 215 2328 Rob.
238 2262 294 2349 qui
315 2261 449 2327 sortasse
470 2263 642 2340 θεόπεμπτα
660 2259 770 2337 voluit,
790 2282 855 2345 quo
878 2259 978 2323 utitur
999 2257 1162 2322 scholiasta
1184 2279 1231 2321 rs

130 2365 257 2432 centior.
281 2366 444 2445 θεότρεπτα
458 2376 489 2426 et
504 2365 669 2445 θεόθρεπτα
687 2362 764 2448 legit
784 2361 958 2439 scholiasta,
973 2364 1026 2429 τδς
1045 2362 1231 2428 έπελθοόσας

131 2472 201 2551 ἡμῖν
215 2470 379 2549 συμφορὰς,
395 2469 447 2533 τδς
462 2467 495 2528 ἐκ
510 2469 580 2530 θεοῦ
593 2469 756 2548 τραπεέσας
768 2467 842 2547 πρὸς
860 2466 943 2544 ἡμᾶς.
966 2463 985 2544 ἢ
1007 2466 1172 2546 θεόθρεπτα
1193 2465 1231 2527 τὰ

133 2575 166 2637 ἐκ
180 2577 257 2636 θεῶν
271 2571 441 2651 τρεφόμενα
456 2569 504 2632 καὶ
518 2569 705 2648 αὐξανόμενα
719 2568 754 2634 δι’
768 2570 851 2649 ἡμᾶς.
873 2566 892 2646 ἢ
905 2568 963 2632 ὑπὸ
978 2572 1054 2631 θεῶν
1068 2566 1231 2649 ἐνεχθέντα

133 2676 181 2740 καὶ
195 2679 275 2740 θεοῖς
290 2671 428 2751 δόξαντα.

175 2794 248 2860 907.
271 2774 432 2854 δμαθέντες
455 2772 564 2858 Steph.
584 2786 615 2837 et
634 2773 726 2838 codd.
748 2772 899 2860 plerique.
922 2771 1082 2852 δμηθέντες
1097 2773 1136 2834 C.
1159 2775 1230 2850 δμα-

131 2878 254 2944 σθέντες
270 2875 359 2962 Lips.
382 2875 562 2954 δαμαθέντες
577 2877 662 2941 Rob.
685 2876 886 2957 δαμασθέντες
907 2888 1059 2961 quattuor
1081 2873 1174 2938 codd.
1197 2884 1231 2938 et

132 2978 210 3042 Ald.
226 2979 332 3041 Turn.
366 2979 406 3040 In
421 2976 543 3043 scholiis
557 2995 628 3065 post
641 2979 738 3045 verba
751 3002 847 3067 supra
860 2978 1003 3066 apposita
1017 2976 1132 3063 legitur
1148 2976 1231 3039 Δίων

132 3082 295 3165 δμαθεντες
312 3079 384 3164 (sic)
400 3081 576 3166 corruptela
592 3081 764 3146 manifesta.
789 3084 922 3146 Δίωνος
938 3079 974 3144 δι’
990 3082 1032 3144 ὧν
1045 3092 1150 3144 ortum
1165 3100 1231 3143 esse

132 3183 210 3250 vidit
226 3182 439 3247 Blomfieldus.

174 3286 335 3370 πλαγαῖσι]
350 3310 383 3348 τε
397 3284 519 3348 addunt
534 3285 599 3348 duo
613 3283 704 3348 codd.

174 3408 248 3473 910.
264 3387 527 3472 ότειιμαρτοτότης]
542 3387 798 3469 ἆτεκμαρτοτότως
814 3385 915 3450 Vitcb.

175 3513 250 3577 913·
274 3490 366 3578 ἐμῶν]
391 3491 457 3572 ἐμοὶ
478 3489 721 3577 superscriptum
743 3490 776 3553 in
795 3488 905 3555 Guelf.
927 3511 966 3550 ex
989 3487 1178 3572 conjectura,
1195 3501 1231 3550 ut

133 3595 267 3671 videtur,
282 3592 410 3670 librarii,
426 3591 480 3656 sed
495 3615 532 3655 ea
546 3614 628 3655 vera.

177 3717 251 3781 914.
274 3695 399 3760 ἐσιδόντ’
415 3695 472 3759 etsi
492 3718 550 3781 pro
568 3694 676 3758 dativo
690 3693 786 3777 accipi
802 3707 915 3780 potest,
931 3691 1007 3757 eliso
1022 3692 1095 3769 iota,
1110 3692 1231 3779 dequo

131 3799 269 3864 diximus
288 3799 330 3863 ad
348 3822 378 3862 v.
395 3800 470 3883 850,
494 3812 597 3861 tamen
619 3796 712 3861 etiam
734 3819 794 3882 pro
814 3795 990 3860 accusativo
1012 3793 1119 3858 haberi
1140 3817 1231 3881 posse

130 3903 276 3987 exempla
289 3901 403 3968 docent
417 3901 457 3964 ab
472 3899 624 3964 Elmsleio
638 3914 817 3985 comparate
831 3898 872 3961 ad
887 3897 1000 3983 Eurip.
1015 3895 1141 3960 Heracl.
1153 3898 1229 3982 693.

133 4007 282 4070 Ceterum
299 4002 435 4069 εἰσιδόντ’
457 4002 557 4066 Paris.
574 4025 657 4066 unus
673 4024 745 4065 cum
763 4000 838 4065 Ald.
855 3999 951 4078 Rob.,
965 3998 1044 4063 alius
1065 4001 1229 4078 έσιδόντος,

132 4108 243 4172 tertius
256 4107 384 4195 quidam
401 4104 554 4171 εἰσιδοῦσ’.
599 4107 672 4168 Non
688 4103 768 4168 male
783 4104 891 4167 ἐσιδὼν
906 4101 1017 4166 Guelf.

175 4227 248 4296 915.
271 4213 366 4292 όφελε
390 4210 493 4272 Turn.
516 4209 631 4290 ὄφελεν
647 4207 695 4270 Μ.
719 4208 821 4288 ὤφελε
840 4203 961 4268 codices
983 4202 1092 4288 reliqui
1107 4218 1138 4264 et
1154 4201 1229 4266 Ald.

133 4312 216 4378 Rob.
233 4314 349 4394 ὄφελον
364 4312 395 4375 in
411 4335 502 4375 versu
518 4309 705 4397 anapaestico
719 4308 799 4372 dixit
814 4305 984 4393 Euripides
1001 4304 1090 4370 Med.
1104 4324 1195 4390 1413.

176 4420 235 4479 Ζεῦ
249 4417 346 4479 Α.Μ.
370 4416 443 4483 Ζεὺς
458 4414 565 4501 vulgo.

657 4535 714 4595 oq
