2978 5062
255 331 318 398 186
614 334 992 399 ANNOTATIONES

297 515 349 581 72.
394 498 563 583 δῃάλωτον]
607 499 709 578 Libri,
749 516 784 564 ut
824 498 935 578 solent,
973 499 1147 580 δηῖάλοτον.
1208 502 1353 567 Correxit

253 598 443 665 Brunckius.

298 717 315 784 7
318 717 349 786 5.
373 707 487 783 ζυγοῖσι
510 701 683 786 δουλείοισι]
713 703 854 783 ζεθγλῃσι
883 704 1035 781 δουλείῃσι
1063 702 1184 788 aliquot
1208 704 1299 768 codd.
1322 722 1354 770 et

253 802 339 866 Rob.

295 905 458 968 δουλείοισι
473 905 613 968 Α.Β.Μ.
628 903 755 989 aliique.
793 903 899 990 Vulgo
914 906 1069 968 δουλίοισι.

294 1005 408 1085 μήποτε
423 1006 557 1090 σχεθεῖν]
575 1004 820 1090 Intelligendum
837 1008 961 1088 εὔχομαι
982 1028 1040 1092 per
1054 1005 1176 1092 ellipsin
1192 1029 1253 1071 non
1268 1006 1353 1072 illam

252 1107 380 1195 quidem
396 1107 486 1170 valde
500 1105 637 1183 obviam,
652 1107 744 1193 cujus
758 1124 860 1170 tamen
876 1106 1020 1195 exempla
1034 1106 1119 1171 baud
1135 1107 1259 1172 desunt.
1298 1112 1353 1173 In-

251 1210 302 1274 fra
326 1228 397 1294 239.
421 1209 496 1273 Θεοὶ
518 1215 651 1286 πολῖται,
677 1208 717 1288 μή
739 1235 778 1289 με
804 1210 941 1276 δουλείας
962 1215 1074 1292 τυχεῖν.
1110 1208 1252 1296 Choeph.
1276 1230 1351 1295 304

249 1309 349 1383 Ἀλλ’,
369 1308 393 1374 ὦ
413 1308 543 1391 μεγάλαι
566 1315 680 1391 Μοῖραι
701 1313 822 1384 Διόθεν,
838 1312 918 1397 Τῇδε
937 1317 1092 1388 τελευτᾶν,
1108 1309 1168 1375 Ἧι
1186 1312 1221 1374 τό
1239 1313 1354 1376 δίκαιον

251 1413 437 1492 μεταβαίνει.
472 1410 523 1474 Cf.
542 1411 656 1497 Eurip.
682 1412 794 1498 Suppl.
815 1432 848 1497 3.
874 1412 927 1476 ubi
949 1412 1012 1476 vid.
1034 1411 1215 1476 Markland.
1254 1414 1353 1478 Mitto

251 1528 361 1598 poetas
378 1512 512 1588 Ionicos,
528 1511 613 1598 apud
625 1535 706 1598 quos
720 1513 771 1579 δὸς
785 1512 835 1577 vel
850 1515 918 1578 δότε
932 1513 1118 1600 plerumque
1130 1513 1352 1600 supplendum.

253 1612 310 1676 Ad
333 1612 538 1676 Homericum
561 1611 640 1677 illud
664 1613 755 1677 Iliad.
776 1620 809 1678 B.
823 1632 899 1694 412.
921 1618 980 1678 Ζεῦ
994 1615 1208 1693 κύδιστε-Μὴ
1221 1616 1291 1694 πρὶν
1305 1614 1351 1680 ἐπ’

252 1710 357 1790 ἠέλιον
371 1715 455 1775 δῦναι
471 1741 496 1776 κ.
512 1738 538 1776 τ.
554 1720 586 1777 λ.
610 1728 699 1777 notat
719 1715 907 1779 Eustatbius
928 1738 960 1802 p.
977 1717 1050 1792 248,
1066 1733 1119 1800 3ο.
1135 1714 1169 1778 τδ
1185 1719 1287 1798 σχῆμα
1300 1721 1352 1794 τῆς

253 1813 341 1896 εὐχῆς
355 1811 633 1878 Ἀπικόν-λείπει
647 1815 681 1877 τὸ
697 1816 756 1888 δὸς,
771 1813 937 1896 ἣποίησον,
953 1814 972 1894 ἢ
988 1819 1120 1899 εὔχομαι.
1146 1816 1302 1880 Hemdot.
1318 1834 1350 1900 5,

255 1935 326 2000 105.
343 1916 394 1977 καί
405 1939 457 1993 μιν
473 1915 539 1995 (τὸν
554 1916 658 1979 ὀϊστὸν
673 1921 727 1997 sc.)
747 1919 777 1984 ές
796 1917 851 1981 τὸν
866 1916 940 1999 άέρα
953 1919 1102 1996 βαλόντα,
1119 1921 1224 1991 εἰπεῖν,
1240 1917 1263 1981 ὦ
1280 1924 1350 1994 Ζεῦ,

254 2016 430 2098 ἐκγενέσθαι
439 2041 490 2094 μοι
503 2015 679 2095 Ἀθηναίους
690 2019 840 2082 τίσασθαι.
879 2020 958 2096 Quae
972 2018 1070 2082 citans
1085 2019 1271 2083 Eustatbius
1285 2022 1305 2084 l.
1321 2044 1350 2084 c.

252 2116 396 2197 γενέσθω
411 2115 514 2181 babet.
536 2120 701 2205 Anonym.
716 2143 766 2203 ap.
778 2119 921 2206 Etymol.
933 2121 984 2184 M.
1005 2142 1037 2205 p.
1053 2123 1128 2205 346,
1141 2138 1193 2200 42.
1219 2120 1307 2185 Suid.
1319 2145 1350 2184 v.

251 2215 392 2296 Ἐξάντη.
411 2216 455 2280 Ὦ
471 2225 538 2296 Ζεῦ,
551 2219 695 2300 γενέσθαι
715 2220 808 2299 τῆσδέ
828 2219 856 2300 μ’
873 2220 980 2300 ἐξάντη
1001 2224 1102 2286 νόσου.
1139 2223 1297 2300 Quidnam
1318 2223 1350 2287 in

252 2320 434 2406 hujusmodi
462 2321 537 2385 locis
565 2320 651 2407 apud
681 2321 806 2385 Atticos
836 2321 999 2408 scriptores
1033 2321 1270 2409 intelligendum
1301 2325 1351 2402 sit,

251 2421 369 2508 optime
380 2422 499 2508 patebit
513 2445 553 2486 ex
568 2421 734 2508 An'atopb.
750 2424 833 2486 Rau.
851 2424 924 2502 884.
941 2431 994 2488 ΔΙ.
1011 2426 1150 2508 Εῦχεσθε
1167 2425 1203 2504 δὴ
1218 2427 1266 2490 καὶ
1281 2430 1351 2510 σφό

251 2548 289 2598 τι,
305 2525 376 2604 πρὶν
389 2526 466 2603 τάπη
484 2524 597 2606 λέγειν.
620 2523 671 2587 cui
693 2546 805 2609 parens
821 2523 994 2610 AEschylus
1015 2524 1057 2589 sic
1079 2541 1235 2611 precatur,
1251 2528 1351 2608 Δήμη-

253 2649 314 2705 τερ,
327 2626 347 2704 ἡ
362 2626 505 2709 θρέψασα
527 2627 580 2692 τδς
600 2627 672 2705 ἐμάς
694 2624 815 2706 φρένας,
833 2624 923 2689 Εἶναί
938 2650 977 2706 με
991 2631 1050 2690 τῦν
1063 2632 1127 2691 σῦν
1141 2628 1225 2706 άξιον
1238 2654 1349 2708 μυστη-

252 2728 332 2807 ρίων.
377 2727 466 2794 Quos
491 2747 599 2788 versus
623 2724 811 2810 AEschyleos
835 2749 901 2790 esse
929 2726 1021 2791 docet
1044 2727 1215 2793 scholiasta.
1254 2731 1348 2794 Coos.

252 2826 386 2912 Lysistr.
402 2845 474 2909 173.
496 2825 670 2889 BLOMF.

295 2932 420 3008 σχεθεῖν
435 2926 650 2991 Blomfieldus.
689 2926 778 2992 Libri
794 2928 927 3009 σχέθειυ.

297 3031 347 3110 76.
362 3028 501 3113 γένεσθε]
515 3028 657 3109 γένοισθε
672 3028 807 3092 vindob.
822 3028 897 3092 duo.

295 3127 379 3210 ξυνδ]
395 3127 436 3191 Id
451 3142 498 3192 est
512 3133 693 3209 κοινοφιλεῖ,
709 3143 745 3192 ut
759 3127 894 3215 explicat
908 3128 1081 3194 scholiasta.
1115 3133 1264 3197 Ceterum
1280 3158 1349 3221 per·

253 3251 323 3293 rara
345 3229 432 3316 apud
455 3228 587 3316 tragicos
609 3228 718 3294 Ionica
737 3230 839 3294 forma
864 3230 952 3309 aab
971 3245 1028 3309 est,
1063 3231 1104 3296 de
1125 3255 1189 3320 qua
1212 3232 1277 3298 dixi
1308 3236 1348 3300 ad

253 3329 350 3417 Soph.
368 3330 461 3417 Ajac.
478 3332 549 3395 180.

295 3435 347 3516 78.
371 3438 492 3514 θρεῦμαι
514 3437 634 3516 φοβερὰ
654 3433 761 3516 μεγάλ’
780 3432 854 3520 δχη]
876 3433 1033 3498 Dochmio
1055 3436 1232 3521 praemissus
1253 3461 1347 3524 spon-

250 3533 338 3598 deus.

295 3641 417 3718 θρεῦμαι
431 3661 470 3701 ex
485 3637 590 3701 decem
606 3638 672 3702 fere
686 3637 845 3702 codicibus
866 3652 1026 3724 receptum
1048 3660 1108 3725 pro
1122 3637 1252 3725 vulgato
1267 3642 1350 3723 θρέο-

249 3763 312 3817 μαι,
328 3737 440 3824 inquo
453 3738 605 3803 consentit
620 3736 714 3802 schol.
731 3737 843 3822 Eurip.
861 3737 974 3803 Phoen.
991 3742 1066 3819 246.

292 3838 399 3921 μεγάλ’
415 3841 486 3924 άχη]
500 3840 620 3922 μεγάλα
633 3837 657 3903 τ’
674 3840 733 3922 όχη
747 3838 838 3903 codd.
853 3838 944 3903 rnulti
959 3855 991 3904 et
1005 3840 1089 3905 Rob.

295 3955 431 4022 79-91.
451 3940 560 4002 Veram
576 3937 688 4002 horum
703 3960 848 4002 versuum
865 3938 1049 4026 scripturam
1065 3940 1196 4027 patefeci
1211 3942 1244 4003 in
1261 3939 1348 4003 ern-

250 4039 421 4104 mermanni
444 4039 554 4104 Diario
571 4064 601 4104 a.
626 4041 717 4124 1836.
741 4060 775 4125 p.
797 4041 847 4122 87.
869 4040 919 4103 88.
945 4040 1030 4105 unde
1048 4063 1131 4105 nunc
1154 4041 1277 4128 singula
1301 4064 1349 4104 re·

250 4152 366 4225 petam.

295 4260 346 4322 79.
368 4242 515 4325 μεθεῖται]
538 4241 688 4306 Absurde
710 4241 825 4328 legitur
846 4250 988 4323 μεθεῖται,
1005 4244 1091 4330 quod
1107 4244 1268 4309 dimissum
1284 4267 1350 4307 esse

249 4343 420 4406 exercitum
444 4343 608 4427 significat,
623 4343 677 4429 qui
697 4366 781 4408 nunc
804 4345 904 4430 ipsum
920 4344 961 4408 ad
979 4345 1086 4410 urbem
1103 4345 1347 4433 oppugnandam

249 4442 417 4506 descendit.
464 4445 536 4506 Hoc
552 4443 725 4529 AEscbylus
740 4450 871 4509 καθεῖται
884 4444 1016 4510 dixerat.
