2978 5062
235 347 300 410 182
597 346 975 411 ANNOTATIONES

234 513 392 600 Apprime
414 511 477 576 huc
499 512 574 577 facit
592 514 767 578 observatio
791 514 963 578 scholiastae
982 514 1100 579 Victor.
1122 514 1153 577 in
1179 514 1273 579 Iliad.
1294 522 1334 581 0.

235 633 307 699 713.
329 613 512 699 μελάνδετα]
536 617 682 692 μελαίνας
707 619 807 694 λαβδς
828 615 951 698 ἔχοντα,
970 615 1025 694 τὴν
1041 617 1075 678 δέ
1099 616 1202 694 λαβὴν
1221 618 1335 698 δεσμὸν

234 721 323 780 καλεῖ
335 716 509 795 Σιμωνίδης.
532 715 709 780 BLOMF.

276 837 329 900 44
353 816 548 898 θιγγάνοντες
568 818 656 899 χερσί
677 821 813 896 ταυρείου
835 820 970 899 (ταυρίον
990 818 1067 882 Ald.
1086 821 1204 898 Turn.)
1222 819 1333 904 φόνον]

233 917 320 981 Nota
334 917 494 1004 sanguinis
515 933 740 982 sacramentum
762 919 794 981 in
817 919 919 997 bello;
942 942 1036 1007 quem
1057 934 1090 984 et
1108 920 1139 983 in
1162 920 1334 984 foederibus

232 1040 294 1082 non
318 1019 417 1083 solum
440 1019 577 1105 tetigisse
597 1019 650 1083 sed
676 1020 768 1084 etiam
789 1020 905 1084 bibisse
924 1022 1090 1085 nonnullos
1112 1022 1331 1136 comperimus.

236 1120 288 1184 Ita
303 1119 515 1185 Plutarchus'
507 1143 539 1182 tn
555 1119 619 1183 vita
636 1120 757 1206 Poplic.
769 1144 797 1185 o.
813 1143 846 1202 4.
865 1122 998 1206 juvenes
1020 1123 1165 1208 patricios
1186 1123 1229 1187 ait
1250 1123 1334 1187 inter

234 1222 457 1299 sefoederatos‚
470 1223 627 1303 δνθμύπον
641 1222 813 1304 σφαγέντος
826 1225 1055 1291 ἐπισπείσαντες
1068 1226 1152 1305 αῐμα.
1175 1223 1332 1288 Sicetium

233 1324 369 1390 Catilina
383 1347 434 1410 ap.
451 1323 576 1388 Sallust.
591 1347 619 1388 ο.
637 1343 689 1390 22.
704 1325 925 1410 oonjurationis
939 1349 1005 1390 suoe
1023 1326 1123 1391 socios
1143 1326 1331 1413 propinavit.

233 1424 367 1511 Tigrani
381 1425 464 1490 idem
479 1426 596 1490 factum
613 1425 708 1490 refert
722 1425 865 1490 Valerius
880 1426 1055 1505 Maximus,
1071 1447 1103 1509 9,
1120 1447 1150 1492 2.
1184 1430 1229 1492 Et
1243 1428 1332 1514 apud

232 1548 321 1613 reges
343 1527 520 1590 barbaros
512 1549 544 1590 tn
566 1549 652 1590 more
668 1527 804 1612 positum
825 1528 922 1592 fuisse
941 1528 1036 1593 refert
1055 1529 1197 1603 Tacitus,
1212 1529 1331 1594 Annal.

235 1646 286 1706 12,
301 1643 356 1711 47.
373 1630 501 1702 Quolier
521 1629 558 1690 ι’τι
578 1630 750 1692 societatem
772 1639 890 1703 οοιατιι,
905 1631 1070 1716 implicare
1087 1631 1229 1707 ἄσαντος,
1237 1632 1333 1717 polli-

231 1750 339 1817 cesque
359 1731 444 1793 inter
464 1751 498 1793 re
518 1731 638 1793 virtutos
662 1731 743 1794 nodo
762 1732 1005 1818 perstringam
1028 1754 1102 1795 σιοσ
1119 1733 1174 1795 udi
1192 1734 1332 1819 surtgrsls

231 1834 267 1895 ἑτι
281 1841 374 1896 artata
386 1852 420 1895 ae
434 1831 592 1918 qffuderr'l
606 1833 669 1896 levi
681 1834 747 1896 ictu
760 1854 902 1897 οτιιοτιοι
915 1835 1076 1909 inlidunt,
1090 1842 1184 1920 atque
1196 1835 1331 1896 invicem
1427 1850 1431 1858 ’

229 1934 382 1998 lambunt.
418 1933 461 1997 Id
461 1933 578 2018 fodru
592 1953 747 1996 arcanum
761 1933 906 2012 Ιιαδιιιιτ,
919 1936 1012 2021 prosi
1032 1943 1141 1998 mutuo
1154 1954 1267 1997 rmore
1278 1954 1331 1997 ιο-

229 2045 366 2100 crolum.
411 2034 497 2099 Hinc
512 2048 544 2097 et
559 2033 711 2097 Romanis
726 2055 792 2097 mos
812 2033 843 2097 in
866 2031 948 2098 bello
963 2057 995 2098 se
1009 2032 1195 2110 devovendi,
1209 2033 1250 2098 de
1264 2057 1331 2121 quo

231 2135 304 2200 vide
319 2135 447 2199 Livium
467 2153 517 2213 10,
534 2136 586 2200 28.
601 2134 632 2197 in
649 2134 776 2199 historia
790 2135 889 2199 Decii.
915 2136 1084 2199 STANL.
1115 2137 1248 2199 durasse
1260 2158 1330 2220 sep-

232 2253 294 2301 tem
311 2237 408 2301 duces
428 2236 468 2301 ad
491 2259 575 2301 arom
591 2236 684 2300 «Iovis
705 2236 803 2323 pluvii
826 2234 922 2301 tradit
937 2236 1107 2300 Pausanias
1123 2255 1154 2313 2,
1173 2257 1220 2321 19.
1258 2239 1330 2324 Ap

230 2338 305 2426 poni
327 2353 486 2403 merentur
506 2337 723 2402 Eratosthenis
744 2339 840 2402 verba
860 2338 893 2400 iu
917 2338 1127 2403 Catasterism.
1151 2363 1183 2426 p.
1207 2359 1256 2419 14.
1278 2340 1329 2405 ed.

231 2440 311 2505 Fell.
331 2442 348 2505 δ
370 2443 419 2505 καὶ
434 2444 475 2508 είς
496 2445 533 2503 τὸ
552 2442 705 2519 συμπόσια
725 2441 754 2503 ol
770 2441 921 2520 ἅνθρωποι
942 2439 1070 2521 φέρονσι
1090 2443 1138 2505 rol
1152 2442 1284 2516 θύουσιν,
1300 2446 1330 2507 ol

94 2548 96 2552 ’
231 2548 383 2609 κοινωνεῖν
397 2542 543 2621 ἀλλήλοις
563 2544 799 2623 προαιρούμενοι,
816 2543 864 2606 καί
886 2543 1015 2621 ὀμνύειν,
1032 2541 1080 2607 καί
1099 2543 1135 2623 τῇ
1156 2546 1234 2627 χειρί
1251 2544 1327 2626 ἐφύ-

229 2668 357 2710 πτοντας
370 2644 406 2729 τῇ
421 2640 515 2724 δεξιᾷ,
530 2645 689 2724 μαρτύριον
704 2643 930 2724 εὐγνωμοσύνης
951 2648 1038 2706 τοῦτο
1056 2643 1223 2726 ἡγούμενοι.
1257 2647 1329 2709 An-

229 2744 313 2809 nibal
328 2744 359 2806 in
376 2743 517 2829 Appiau.
534 2744 572 2806 B.
588 2743 683 2828 Hisp.
699 2765 731 2829 p.
752 2743 822 2806 161.
838 2743 887 2806 ed.
904 2745 949 2807 H.
965 2744 1011 2808 St.
1027 2743 1143 2808 dicitur
1164 2747 1328 2826 δριιωθῆναι

229 2846 278 2909 ἐπὶ
292 2847 427 2926 ἐμπύρων
441 2846 603 2911 ἄσπειστος
618 2845 725 2927 ἐχθρὸς
740 2843 865 2908 ἔσεσθαι
877 2842 1042 2924 Ῥωμαίοις.
1066 2845 1185 2909 Confer
1200 2844 1326 2911 Sallust.

230 2947 302 3010 Cat.
319 2962 369 3028 23.
385 2943 565 3008 Brunoliius
579 2961 739 3031 oomparat
754 2945 863 3030 Apoll.
880 2946 988 3011 Rhod.
1004 2965 1034 3020 α,
1047 2965 1120 3031 719.
1144 2947 1216 3012 vid.
1233 2949 1328 3013 Mus·

228 3068 315 3131 grav.
331 3045 371 3109 ad
387 3045 500 3131 Eurip.
518 3046 609 3132 Cycl.
624 3048 699 3126 468.
738 3046 833 3111 Adde
856 3047 1056 3111 Polemonem
1078 3047 1165 3135 apud
1182 3050 1327 3114 Macrob.

231 3149 296 3213 Sat.
320 3168 353 3232 5,
381 3167 430 3232 19.
455 3150 660 3228 ἐφαπτόμενος
682 3153 734 3211 τοῦ
762 3152 911 3231 κρατῆρος,
933 3152 966 3228 ἐξ
989 3152 1143 3228 ὑποβολῆς
1165 3153 1253 3215 δίεισι
1273 3151 1328 3216 τὸν

229 3252 327 3331 ὅρκον.
365 3251 458 3328 Quod
474 3265 577 3315 tumen
593 3250 624 3313 in
639 3273 673 3313 re
687 3248 748 3313 slis
762 3249 891 3314 lactum.
914 3250 1088 3313 BLOMF.

270 3372 323 3436 45.
346 3351 423 3434 Ἀρη
449 3351 473 3413 τ’
498 3353 550 3414 Μ.
573 3366 605 3416 et
631 3366 693 3415 tres
717 3350 769 3414 alii
792 3351 884 3415 codd.
907 3375 979 3415 cum
1004 3351 1139 3416 Stobaeo.
1180 3352 1328 3438 Plerique

222 3452 320 3533 Ἀρην
334 3456 358 3515 τ’
373 3476 444 3517 cum
461 3453 538 3517 Ald.
561 3454 644 3518 Rob.
663 3452 770 3535 Ἀρην,
785 3453 898 3517 omissa
912 3453 1036 3539 oopula,
1052 3453 1124 3517 inde
1138 3475 1158 3516 a
1172 3454 1327 3518 Turnebo

228 3553 360 3629 editum,
383 3554 468 3640 quod
492 3577 593 3640 neque
615 3578 654 3619 ex
678 3554 784 3618 codice
805 3554 871 3617 ullo
889 3554 1002 3618 diserte
1019 3568 1066 3617 est
1088 3569 1271 3617 annotatum
1294 3570 1326 3618 et

226 3671 335 3720 contra
349 3656 528 3720 Atticorum
544 3669 685 3719 veterum
701 3678 794 3718 usum
809 3670 926 3742 peoeat,
940 3655 995 3741 qui
1007 3654 1188 3740 hujusmodi
1202 3678 1326 3719 accuss-

229 3759 309 3822 tivos
319 3781 381 3822 non
397 3758 428 3820 in
445 3784 493 3837 ην,
509 3758 562 3820 sed
582 3758 614 3820 in
629 3784 648 3836 η
664 3757 829 3821 terminare
848 3757 955 3820 solent.
1002 3756 1157 3842 Copulam
1172 3757 1228 3842 qui
1244 3757 1326 3822 dele·

228 3874 340 3925 verunt
359 3859 536 3924 accusativo
548 3859 644 3923 Ἐννιί
663 3858 728 3921 sine
742 3858 856 3944 oopula
869 3857 1031 3943 interjecto
1046 3872 1118 3921 suut
1132 3859 1254 3936 offensi,
1269 3883 1325 3923 ou-

223 3960 277 4044 jus
287 3962 367 4025 ratio
381 3960 489 4025 eadem
501 3974 548 4024 est
562 3983 635 4046 quae
645 3960 681 4024 σύ
695 3959 776 4024 inter
790 3962 969 4026 ούτε-ούτε
983 3957 1074 4045 positi
1085 3958 1117 4022 in
1131 3961 1236 4024 Prom.
1249 3962 1324 4039 480.

228 4062 347 4142 ἀλέξημ’
363 4063 450 4127 ούδὶν
464 4064 532 4126 ούτε
545 4064 711 4143 βρώσιμον,
726 4063 761 4125 οὗ
774 4062 909 4145 χριστὸν,
925 4064 994 4127 ούτε
1008 4063 1125 4125 πιστόν.

268 4160 376 4248 Ἐννιύ]
395 4162 551 4226 Bellorum
567 4165 646 4241 Dea,
661 4185 756 4248 qusm
768 4163 929 4227 Bellonam
944 4161 1091 4226 dicebant
1106 4162 1223 4226 Latini.
1249 4163 1326 4226 Phi·

227 4263 330 4325 loxeni
360 4263 492 4340 Glossae,
521 4266 625 4328 Ἐνυύ.
652 4264 797 4329 Bellona.
838 4264 978 4350 Etymol.
1009 4265 1059 4326 M.
1089 4287 1120 4350 p.
1145 4281 1223 4349 345,
1254 4286 1325 4350 pen.

225 4361 392 4435 Ἐνυάλιος,
414 4368 583 4443 πολεμικός.
605 4368 686 4445 παρὰ
701 4365 755 4442 τὴν
768 4363 864 4429 Ἐνυὼ
879 4367 1014 4445 δαίμονα,
1030 4365 1093 4444 ἥτις
1115 4367 1182 4430 ἐστὶ
1195 4365 1326 4446 προστά-

226 4487 269 4529 τις
283 4466 335 4526 rori
348 4461 491 4541 πολέμου.
515 4464 628 4527 Vocem
643 4461 731 4527 ducit
746 4463 828 4528 idem
851 4461 892 4527 ab
906 4463 973 4536 ίνω,
990 4463 1024 4527 τδ
1040 4464 1183 4543 φονεύιι.Ι
1206 4459 1325 4547 Aptior
