<?xml version="1.0" encoding="UTF-8"?>
<!DOCTYPE html PUBLIC "-//W3C//DTD XHTML 1.0 Transitional//EN"
    "http://www.w3.org/TR/xhtml1/DTD/xhtml1-transitional.dtd">
<html xmlns="http://www.w3.org/1999/xhtml" xml:lang="en" lang="en">
 <head>
  <title>
</title>
<meta http-equiv="Content-Type" content="text/html;charset=utf-8" />
  <meta name='ocr-system' content='tesseract 3.04.00' />
  <meta name='ocr-capabilities' content='ocr_page ocr_carea ocr_par ocr_line ocrx_word'/>
</head>
<body>
  <div class='ocr_page' id='page_1' title='image "./tragoediaesuper02aescgoog_0308.png"; bbox 0 0 2978 5062; ppageno 0'>
   <div class='ocr_carea' id='block_1_1' title="bbox 551 367 1239 436">
    <p class='ocr_par' dir='ltr' id='par_1_1' title="bbox 551 367 1239 436">
     <span class='ocr_line' id='line_1_1' title="bbox 551 367 1239 436; baseline 0.01 -7"><span class='ocrx_word' id='word_1_1' title='bbox 551 367 619 430; x_wconf 91' lang='lat' dir='ltr'>AD</span> <span class='ocrx_word' id='word_1_2' title='bbox 642 367 831 433; x_wconf 85' lang='lat' dir='ltr'><strong>PERSAS.</strong></span> <span class='ocrx_word' id='word_1_3' title='bbox 1176 370 1239 436; x_wconf 76' lang='lat'>301</span> 
     </span>
    </p>
   </div>
   <div class='ocr_carea' id='block_1_2' title="bbox 141 532 1244 1828">
    <p class='ocr_par' dir='ltr' id='par_1_2' title="bbox 143 532 1243 722">
     <span class='ocr_line' id='line_1_2' title="bbox 189 532 1243 622; baseline 0.006 -27"><span class='ocrx_word' id='word_1_4' title='bbox 189 532 261 595; x_wconf 85' lang='lat'><strong>821.</strong></span> <span class='ocrx_word' id='word_1_5' title='bbox 278 533 505 618; x_wconf 74' lang='grc' dir='ltr'>ὕβρις-θέρος]</span> <span class='ocrx_word' id='word_1_6' title='bbox 523 535 698 599; x_wconf 77' lang='lat' dir='ltr'>Insolentic</span> <span class='ocrx_word' id='word_1_7' title='bbox 719 538 803 598; x_wconf 77' lang='lat' dir='ltr'>enim</span> <span class='ocrx_word' id='word_1_8' title='bbox 824 534 1016 620; x_wconf 81' lang='lat' dir='ltr'>efflorescem</span> <span class='ocrx_word' id='word_1_9' title='bbox 1036 537 1157 622; x_wconf 75' lang='grc' dir='ltr'>κρίναντι</span> <span class='ocrx_word' id='word_1_10' title='bbox 1178 559 1243 601; x_wconf 81' lang='lat' dir='ltr'>ace·</span> 
     </span>
     <span class='ocr_line' id='line_1_3' title="bbox 143 633 1221 722; baseline 0.006 -26"><span class='ocrx_word' id='word_1_11' title='bbox 143 633 318 718; x_wconf 73' lang='lat' dir='ltr'>lerissme</span> <span class='ocrx_word' id='word_1_12' title='bbox 331 635 419 712; x_wconf 79' lang='lat' dir='ltr'>solet,</span> <span class='ocrx_word' id='word_1_13' title='bbox 432 637 517 699; x_wconf 79' lang='lat' dir='ltr'>ande</span> <span class='ocrx_word' id='word_1_14' title='bbox 530 637 620 701; x_wconf 79' lang='lat' dir='ltr'>homo</span> <span class='ocrx_word' id='word_1_15' title='bbox 633 638 840 722; x_wconf 73' lang='lat' dir='ltr'><strong><em>lacrymosam</em></strong></span> <span class='ocrx_word' id='word_1_16' title='bbox 854 657 981 699; x_wconf 71' lang='lat' dir='ltr'>mecm</span> <span class='ocrx_word' id='word_1_17' title='bbox 996 638 1094 701; x_wconf 76' lang='lat' dir='ltr'>metit.</span> <span class='ocrx_word' id='word_1_18' title='bbox 1120 639 1221 703; x_wconf 89' lang='lat' dir='ltr'><strong>SCH.</strong></span> 
     </span>
    </p>

    <p class='ocr_par' dir='ltr' id='par_1_3' title="bbox 142 735 1244 1225">
     <span class='ocr_line' id='line_1_4' title="bbox 188 735 1244 823; baseline 0.007 -26"><span class='ocrx_word' id='word_1_19' title='bbox 188 735 260 798; x_wconf 83' lang='lat'><strong>822.</strong></span> <span class='ocrx_word' id='word_1_20' title='bbox 281 737 375 818; x_wconf 67' lang='grc' dir='ltr'>ἐξαμᾷ</span> <span class='ocrx_word' id='word_1_21' title='bbox 390 735 487 821; x_wconf 81' lang='grc' dir='ltr'>θέρος]</span> <span class='ocrx_word' id='word_1_22' title='bbox 504 740 622 823; x_wconf 79' lang='lat' dir='ltr'>Agant.</span> <span class='ocrx_word' id='word_1_23' title='bbox 638 740 729 802; x_wconf 89' lang='lat'>1660.</span> <span class='ocrx_word' id='word_1_24' title='bbox 746 739 890 802; x_wconf 74' lang='grc' dir='ltr'>ἀλλὰκαὶ</span> <span class='ocrx_word' id='word_1_25' title='bbox 904 735 966 800; x_wconf 78' lang='grc' dir='ltr'>τόδ’</span> <span class='ocrx_word' id='word_1_26' title='bbox 982 739 1128 816; x_wconf 73' lang='grc' dir='ltr'>ἐξαμῆσαι</span> <span class='ocrx_word' id='word_1_27' title='bbox 1141 743 1244 803; x_wconf 72' lang='grc' dir='ltr'>πολλὰ</span> 
     </span>
     <span class='ocr_line' id='line_1_5' title="bbox 144 837 1243 925; baseline 0.005 -27"><span class='ocrx_word' id='word_1_28' title='bbox 144 837 290 914; x_wconf 75' lang='grc' dir='ltr'>δύστηνον</span> <span class='ocrx_word' id='word_1_29' title='bbox 311 837 406 918; x_wconf 89' lang='grc' dir='ltr'>θέρος.</span> <span class='ocrx_word' id='word_1_30' title='bbox 431 838 546 925; x_wconf 85' lang='lat' dir='ltr'>Eurip.</span> <span class='ocrx_word' id='word_1_31' title='bbox 564 861 616 925; x_wconf 84' lang='lat' dir='ltr'>ap.</span> <span class='ocrx_word' id='word_1_32' title='bbox 635 839 722 903; x_wconf 85' lang='lat' dir='ltr'><strong>Stob.</strong></span> <span class='ocrx_word' id='word_1_33' title='bbox 738 862 769 925; x_wconf 91' lang='lat' dir='ltr'>p.</span> <span class='ocrx_word' id='word_1_34' title='bbox 786 856 837 923; x_wconf 91' lang='lat'>71.</span> <span class='ocrx_word' id='word_1_35' title='bbox 853 858 927 924; x_wconf 87' lang='lat'>377.</span> <span class='ocrx_word' id='word_1_36' title='bbox 949 841 1004 922; x_wconf 79' lang='grc' dir='ltr'>βίη</span> <span class='ocrx_word' id='word_1_37' title='bbox 1026 864 1080 903; x_wconf 89' lang='grc' dir='ltr'>ννν</span> <span class='ocrx_word' id='word_1_38' title='bbox 1102 840 1195 904; x_wconf 80' lang='grc' dir='ltr'>ἕλκετ’</span> <span class='ocrx_word' id='word_1_39' title='bbox 1219 840 1243 904; x_wconf 79' lang='grc' dir='ltr'><em>ὦ</em></span> 
     </span>
     <span class='ocr_line' id='line_1_6' title="bbox 144 934 1241 1020; baseline 0.007 -25"><span class='ocrx_word' id='word_1_40' title='bbox 144 934 227 997; x_wconf 75' lang='grc' dir='ltr'>κακοὶ</span> <span class='ocrx_word' id='word_1_41' title='bbox 242 939 327 1014; x_wconf 75' lang='grc' dir='ltr'>τιμὰς</span> <span class='ocrx_word' id='word_1_42' title='bbox 340 943 456 1018; x_wconf 77' lang='grc' dir='ltr'>βροτοὶ,</span> <span class='ocrx_word' id='word_1_43' title='bbox 473 941 532 1002; x_wconf 78' lang='grc' dir='ltr'>Καὶ</span> <span class='ocrx_word' id='word_1_44' title='bbox 548 945 659 1003; x_wconf 81' lang='grc' dir='ltr'>κτᾶσθε</span> <span class='ocrx_word' id='word_1_45' title='bbox 672 947 804 1003; x_wconf 77' lang='grc' dir='ltr'>πλοῦτον</span> <span class='ocrx_word' id='word_1_46' title='bbox 817 939 977 1015; x_wconf 84' lang='grc' dir='ltr'>πόντοθεν,</span> <span class='ocrx_word' id='word_1_47' title='bbox 989 941 1151 1018; x_wconf 75' lang='grc' dir='ltr'>θηρώμενοι</span> <span class='ocrx_word' id='word_1_48' title='bbox 1165 943 1241 1020; x_wconf 83' lang='grc' dir='ltr'>Σόμ-</span> 
     </span>
     <span class='ocr_line' id='line_1_7' title="bbox 142 1038 1243 1121; baseline 0.007 -22"><span class='ocrx_word' id='word_1_49' title='bbox 142 1061 241 1115; x_wconf 88' lang='grc' dir='ltr'>μικτα,</span> <span class='ocrx_word' id='word_1_50' title='bbox 256 1038 296 1116; x_wconf 76' lang='grc' dir='ltr'>μὴ</span> <span class='ocrx_word' id='word_1_51' title='bbox 311 1041 407 1103; x_wconf 76' lang='grc' dir='ltr'>δίκαια</span> <span class='ocrx_word' id='word_1_52' title='bbox 427 1044 475 1104; x_wconf 78' lang='grc' dir='ltr'>καὶ</span> <span class='ocrx_word' id='word_1_53' title='bbox 497 1040 581 1105; x_wconf 82' lang='grc' dir='ltr'>δίκαι’</span> <span class='ocrx_word' id='word_1_54' title='bbox 604 1045 687 1121; x_wconf 83' lang='grc' dir='ltr'>ὁμοῦ.</span> <span class='ocrx_word' id='word_1_55' title='bbox 706 1041 821 1107; x_wconf 70' lang='lat' dir='ltr'>&#39;Erras’</span> <span class='ocrx_word' id='word_1_56' title='bbox 845 1044 961 1121; x_wconf 78' lang='grc' dir='ltr'>ἆμῖισθε</span> <span class='ocrx_word' id='word_1_57' title='bbox 982 1045 1075 1104; x_wconf 80' lang='grc' dir='ltr'>τῶνδε</span> <span class='ocrx_word' id='word_1_58' title='bbox 1096 1043 1243 1120; x_wconf 79' lang='grc' dir='ltr'>δύστηνον</span> 
     </span>
     <span class='ocr_line' id='line_1_8' title="bbox 144 1136 1108 1225; baseline 0.008 -26"><span class='ocrx_word' id='word_1_59' title='bbox 144 1136 237 1218; x_wconf 82' lang='grc' dir='ltr'>θέρος.</span> <span class='ocrx_word' id='word_1_60' title='bbox 256 1140 368 1204; x_wconf 85' lang='lat' dir='ltr'><strong>Bacch.</strong></span> <span class='ocrx_word' id='word_1_61' title='bbox 382 1161 474 1225; x_wconf 80' lang='lat'><strong>1314.</strong></span> <span class='ocrx_word' id='word_1_62' title='bbox 490 1143 623 1222; x_wconf 70' lang='grc' dir='ltr'>ἐξήμησα</span> <span class='ocrx_word' id='word_1_63' title='bbox 637 1144 803 1207; x_wconf 85' lang='grc' dir='ltr'>κάλλιστον</span> <span class='ocrx_word' id='word_1_64' title='bbox 817 1144 911 1225; x_wconf 86' lang='grc' dir='ltr'>θέρος.</span> <span class='ocrx_word' id='word_1_65' title='bbox 935 1143 1108 1207; x_wconf 79' lang='lat' dir='ltr'><strong>BLOMF.</strong></span> 
     </span>
    </p>

    <p class='ocr_par' dir='ltr' id='par_1_4' title="bbox 141 1242 1241 1828">
     <span class='ocr_line' id='line_1_9' title="bbox 188 1242 1241 1328; baseline 0.009 -24"><span class='ocrx_word' id='word_1_66' title='bbox 188 1242 260 1323; x_wconf 83' lang='lat'><strong>827.</strong></span> <span class='ocrx_word' id='word_1_67' title='bbox 285 1245 494 1328; x_wconf 71' lang='grc' dir='ltr'>ὑπερκόμπων]</span> <span class='ocrx_word' id='word_1_68' title='bbox 520 1246 726 1309; x_wconf 85' lang='lat' dir='ltr'>Scribendum</span> <span class='ocrx_word' id='word_1_69' title='bbox 752 1248 926 1326; x_wconf 78' lang='grc' dir='ltr'>θπερκόπων</span> <span class='ocrx_word' id='word_1_70' title='bbox 947 1268 1018 1309; x_wconf 88' lang='lat' dir='ltr'>curn</span> <span class='ocrx_word' id='word_1_71' title='bbox 1043 1244 1241 1314; x_wconf 83' lang='lat' dir='ltr'>Blomfieldo.</span> 
     </span>
     <span class='ocr_line' id='line_1_10' title="bbox 143 1343 1240 1433; baseline 0.008 -29"><span class='ocrx_word' id='word_1_72' title='bbox 143 1343 330 1428; x_wconf 85' lang='lat' dir='ltr'>“Suspicor</span> <span class='ocrx_word' id='word_1_73' title='bbox 357 1361 462 1408; x_wconf 84' lang='lat' dir='ltr'>autem</span> <span class='ocrx_word' id='word_1_74' title='bbox 494 1346 681 1433; x_wconf 82' lang='lat' dir='ltr'>AEschylum</span> <span class='ocrx_word' id='word_1_75' title='bbox 710 1346 832 1410; x_wconf 79' lang='lat' dir='ltr'>dedisse</span> <span class='ocrx_word' id='word_1_76' title='bbox 861 1354 920 1410; x_wconf 81' lang='grc' dir='ltr'>τῶν</span> <span class='ocrx_word' id='word_1_77' title='bbox 949 1348 1027 1429; x_wconf 84' lang='grc' dir='ltr'>όγαν</span> <span class='ocrx_word' id='word_1_78' title='bbox 1055 1350 1240 1428; x_wconf 85' lang='grc' dir='ltr'>όπερκόπων,</span> 
     </span>
     <span class='ocr_line' id='line_1_11' title="bbox 142 1446 1240 1536; baseline 0.009 -32"><span class='ocrx_word' id='word_1_79' title='bbox 142 1464 236 1527; x_wconf 90' lang='lat' dir='ltr'>quem</span> <span class='ocrx_word' id='word_1_80' title='bbox 251 1446 417 1510; x_wconf 85' lang='lat' dir='ltr'>verborum</span> <span class='ocrx_word' id='word_1_81' title='bbox 432 1447 572 1510; x_wconf 81' lang='lat' dir='ltr'>ordinem</span> <span class='ocrx_word' id='word_1_82' title='bbox 589 1448 733 1526; x_wconf 83' lang='lat' dir='ltr'>mutavit,</span> <span class='ocrx_word' id='word_1_83' title='bbox 749 1462 784 1511; x_wconf 91' lang='lat' dir='ltr'>ut</span> <span class='ocrx_word' id='word_1_84' title='bbox 798 1448 920 1534; x_wconf 90' lang='lat' dir='ltr'>opinor,</span> <span class='ocrx_word' id='word_1_85' title='bbox 935 1449 1078 1512; x_wconf 85' lang='lat' dir='ltr'>librarius</span> <span class='ocrx_word' id='word_1_86' title='bbox 1098 1451 1240 1536; x_wconf 90' lang='lat' dir='ltr'>quidam,</span> 
     </span>
     <span class='ocr_line' id='line_1_12' title="bbox 143 1543 1239 1637; baseline 0.013 -33"><span class='ocrx_word' id='word_1_87' title='bbox 143 1543 197 1627; x_wconf 93' lang='lat' dir='ltr'>qui</span> <span class='ocrx_word' id='word_1_88' title='bbox 220 1543 251 1606; x_wconf 88' lang='lat' dir='ltr'>in</span> <span class='ocrx_word' id='word_1_89' title='bbox 274 1567 331 1609; x_wconf 88' lang='lat' dir='ltr'>suo</span> <span class='ocrx_word' id='word_1_90' title='bbox 353 1545 529 1632; x_wconf 82' lang='lat' dir='ltr'>exemplare</span> <span class='ocrx_word' id='word_1_91' title='bbox 549 1547 709 1612; x_wconf 87' lang='lat' dir='ltr'>invenerat</span> <span class='ocrx_word' id='word_1_92' title='bbox 731 1555 790 1611; x_wconf 74' lang='grc' dir='ltr'>τῶν</span> <span class='ocrx_word' id='word_1_93' title='bbox 804 1550 882 1630; x_wconf 78' lang='grc' dir='ltr'>ἄγαν</span> <span class='ocrx_word' id='word_1_94' title='bbox 896 1551 1100 1630; x_wconf 82' lang='grc' dir='ltr'>ὑπερκόμπων.</span> <span class='ocrx_word' id='word_1_95' title='bbox 1123 1550 1239 1637; x_wconf 84' lang='lat' dir='ltr'>Eurip.</span> 
     </span>
     <span class='ocr_line' id='line_1_13' title="bbox 143 1644 1240 1733; baseline 0.01 -27"><span class='ocrx_word' id='word_1_96' title='bbox 143 1644 270 1708; x_wconf 87' lang='lat' dir='ltr'>Heracl.</span> <span class='ocrx_word' id='word_1_97' title='bbox 285 1649 359 1730; x_wconf 84' lang='lat'><strong>388.</strong></span> <span class='ocrx_word' id='word_1_98' title='bbox 383 1650 465 1711; x_wconf 76' lang='grc' dir='ltr'>όλλᾶ</span> <span class='ocrx_word' id='word_1_99' title='bbox 486 1656 545 1712; x_wconf 77' lang='grc' dir='ltr'>τῶν</span> <span class='ocrx_word' id='word_1_100' title='bbox 566 1649 763 1729; x_wconf 75' lang='grc' dir='ltr'>φρονημάτων</span> <span class='ocrx_word' id='word_1_101' title='bbox 780 1648 821 1714; x_wconf 88' lang='grc' dir='ltr'>Ὁ</span> <span class='ocrx_word' id='word_1_102' title='bbox 837 1650 912 1717; x_wconf 81' lang='grc' dir='ltr'>Ζεὺς</span> <span class='ocrx_word' id='word_1_103' title='bbox 927 1650 1074 1729; x_wconf 72' lang='grc' dir='ltr'>κολαστὴς</span> <span class='ocrx_word' id='word_1_104' title='bbox 1087 1657 1147 1715; x_wconf 78' lang='grc' dir='ltr'>τῶν</span> <span class='ocrx_word' id='word_1_105' title='bbox 1161 1653 1240 1733; x_wconf 79' lang='grc' dir='ltr'>ἆγον</span> 
     </span>
     <span class='ocr_line' id='line_1_14' title="bbox 141 1748 560 1828; baseline 0.014 -21"><span class='ocrx_word' id='word_1_106' title='bbox 141 1748 364 1828; x_wconf 79' lang='grc' dir='ltr'>ὑπερφρόνων.”</span> <span class='ocrx_word' id='word_1_107' title='bbox 387 1751 560 1813; x_wconf 86' lang='lat' dir='ltr'><strong>BLOMF.</strong></span> 
     </span>
    </p>
   </div>
   <div class='ocr_carea' id='block_1_3' title="bbox 135 1850 1239 4478">
    <p class='ocr_par' dir='ltr' id='par_1_5' title="bbox 185 1850 1157 1939">
     <span class='ocr_line' id='line_1_15' title="bbox 185 1850 1157 1939; baseline 0.006 -27"><span class='ocrx_word' id='word_1_108' title='bbox 185 1850 259 1913; x_wconf 87' lang='lat'><strong>828.</strong></span> <span class='ocrx_word' id='word_1_109' title='bbox 276 1850 414 1936; x_wconf 81' lang='grc' dir='ltr'>ἔπεστιν]</span> <span class='ocrx_word' id='word_1_110' title='bbox 431 1853 547 1916; x_wconf 81' lang='grc' dir='ltr'>ἔπεισιν</span> <span class='ocrx_word' id='word_1_111' title='bbox 564 1853 712 1917; x_wconf 81' lang='lat' dir='ltr'>Valcken.</span> <span class='ocrx_word' id='word_1_112' title='bbox 728 1854 769 1916; x_wconf 88' lang='lat' dir='ltr'>ad</span> <span class='ocrx_word' id='word_1_113' title='bbox 784 1854 900 1939; x_wconf 89' lang='lat' dir='ltr'>Eurip.</span> <span class='ocrx_word' id='word_1_114' title='bbox 917 1854 1070 1918; x_wconf 82' lang='lat' dir='ltr'>Phoeniss.</span> <span class='ocrx_word' id='word_1_115' title='bbox 1087 1874 1157 1938; x_wconf 80' lang='lat'><strong>192.</strong></span> 
     </span>
    </p>

    <p class='ocr_par' dir='ltr' id='par_1_6' title="bbox 140 1951 1239 2240">
     <span class='ocr_line' id='line_1_16' title="bbox 185 1951 1236 2039; baseline 0.005 -26"><span class='ocrx_word' id='word_1_116' title='bbox 185 1951 257 2034; x_wconf 85' lang='grc'>829.</span> <span class='ocrx_word' id='word_1_117' title='bbox 279 1954 467 2039; x_wconf 72' lang='grc' dir='ltr'>κεχρημένοι]</span> <span class='ocrx_word' id='word_1_118' title='bbox 486 1981 534 2036; x_wconf 94' lang='grc' dir='ltr'>γρ.</span> <span class='ocrx_word' id='word_1_119' title='bbox 550 1955 721 2035; x_wconf 71' lang='grc' dir='ltr'>κεκτημένοι</span> <span class='ocrx_word' id='word_1_120' title='bbox 738 1956 776 2017; x_wconf 89' lang='grc' dir='ltr'>Β.</span> <span class='ocrx_word' id='word_1_121' title='bbox 822 1954 1027 2018; x_wconf 76' lang='lat' dir='ltr'>scribendum</span> <span class='ocrx_word' id='word_1_122' title='bbox 1044 1954 1236 2037; x_wconf 77' lang='grc' dir='ltr'>κεχρημένον,</span> 
     </span>
     <span class='ocr_line' id='line_1_17' title="bbox 140 2052 1239 2142; baseline 0.005 -27"><span class='ocrx_word' id='word_1_123' title='bbox 140 2074 234 2138; x_wconf 90' lang='lat' dir='ltr'>quam</span> <span class='ocrx_word' id='word_1_124' title='bbox 257 2052 418 2118; x_wconf 86' lang='lat' dir='ltr'>lectionem</span> <span class='ocrx_word' id='word_1_125' title='bbox 441 2069 592 2119; x_wconf 83' lang='lat' dir='ltr'>memorat</span> <span class='ocrx_word' id='word_1_126' title='bbox 611 2055 785 2134; x_wconf 81' lang='lat' dir='ltr'>scholiasta,</span> <span class='ocrx_word' id='word_1_127' title='bbox 800 2070 881 2119; x_wconf 87' lang='lat' dir='ltr'>recte</span> <span class='ocrx_word' id='word_1_128' title='bbox 896 2054 1117 2142; x_wconf 82' lang='lat' dir='ltr'>interpretatus</span> <span class='ocrx_word' id='word_1_129' title='bbox 1132 2058 1239 2138; x_wconf 78' lang='grc' dir='ltr'>χρείαν</span> 
     </span>
     <span class='ocr_line' id='line_1_18' title="bbox 142 2156 691 2240; baseline 0.009 -24"><span class='ocrx_word' id='word_1_130' title='bbox 142 2156 251 2238; x_wconf 78' lang='grc' dir='ltr'>ἔχοντα</span> <span class='ocrx_word' id='word_1_131' title='bbox 266 2158 314 2221; x_wconf 79' lang='grc' dir='ltr'>καὶ</span> <span class='ocrx_word' id='word_1_132' title='bbox 328 2159 411 2235; x_wconf 74' lang='grc' dir='ltr'>ἄξιον</span> <span class='ocrx_word' id='word_1_133' title='bbox 425 2162 498 2222; x_wconf 86' lang='grc' dir='ltr'>ὄντα</span> <span class='ocrx_word' id='word_1_134' title='bbox 513 2166 691 2240; x_wconf 82' lang='grc' dir='ltr'>σωφρονεῖν.</span> 
     </span>
    </p>

    <p class='ocr_par' dir='ltr' id='par_1_7' title="bbox 184 2256 1149 2344">
     <span class='ocr_line' id='line_1_19' title="bbox 184 2256 1149 2344; baseline -0.002 -25"><span class='ocrx_word' id='word_1_135' title='bbox 184 2258 255 2341; x_wconf 72' lang='grc'>831.</span> <span class='ocrx_word' id='word_1_136' title='bbox 271 2260 458 2344; x_wconf 74' lang='grc' dir='ltr'>ὑπερκόμπῳ]</span> <span class='ocrx_word' id='word_1_137' title='bbox 476 2259 680 2323; x_wconf 79' lang='lat' dir='ltr'>scribendum</span> <span class='ocrx_word' id='word_1_138' title='bbox 695 2261 850 2344; x_wconf 76' lang='grc' dir='ltr'>ὑπερκόπῳ</span> <span class='ocrx_word' id='word_1_139' title='bbox 864 2281 935 2322; x_wconf 88' lang='lat' dir='ltr'>cum</span> <span class='ocrx_word' id='word_1_140' title='bbox 955 2256 1149 2321; x_wconf 83' lang='lat' dir='ltr'>Blomfieldo.</span> 
     </span>
    </p>

    <p class='ocr_par' dir='ltr' id='par_1_8' title="bbox 184 2359 657 2447">
     <span class='ocr_line' id='line_1_20' title="bbox 184 2359 657 2447; baseline 0.004 -25"><span class='ocrx_word' id='word_1_141' title='bbox 184 2360 256 2444; x_wconf 83' lang='lat'><strong>832.</strong></span> <span class='ocrx_word' id='word_1_142' title='bbox 273 2359 296 2423; x_wconf 88' lang='grc' dir='ltr'>δ’</span> <span class='ocrx_word' id='word_1_143' title='bbox 312 2360 351 2447; x_wconf 83' lang='grc' dir='ltr'>ὦ]</span> <span class='ocrx_word' id='word_1_144' title='bbox 366 2359 390 2425; x_wconf 87' lang='grc' dir='ltr'>δ’</span> <span class='ocrx_word' id='word_1_145' title='bbox 406 2363 443 2424; x_wconf 80' lang='grc' dir='ltr'>αὖ</span> <span class='ocrx_word' id='word_1_146' title='bbox 457 2362 537 2425; x_wconf 93' lang='lat' dir='ltr'>Ald.</span> <span class='ocrx_word' id='word_1_147' title='bbox 555 2364 657 2426; x_wconf 87' lang='lat' dir='ltr'><strong>Turn.</strong></span> 
     </span>
    </p>

    <p class='ocr_par' dir='ltr' id='par_1_9' title="bbox 138 2461 1235 2948">
     <span class='ocr_line' id='line_1_21' title="bbox 183 2461 1235 2546; baseline 0.001 -22"><span class='ocrx_word' id='word_1_148' title='bbox 183 2463 256 2545; x_wconf 83' lang='lat'><strong>834.</strong></span> <span class='ocrx_word' id='word_1_149' title='bbox 279 2461 392 2546; x_wconf 73' lang='grc' dir='ltr'>πάντα]</span> <span class='ocrx_word' id='word_1_150' title='bbox 414 2489 461 2544; x_wconf 92' lang='grc' dir='ltr'>γρ.</span> <span class='ocrx_word' id='word_1_151' title='bbox 482 2469 579 2527; x_wconf 78' lang='grc' dir='ltr'>παντΐι</span> <span class='ocrx_word' id='word_1_152' title='bbox 603 2466 640 2527; x_wconf 89' lang='grc' dir='ltr'>Β.</span> <span class='ocrx_word' id='word_1_153' title='bbox 664 2465 759 2541; x_wconf 81' lang='grc' dir='ltr'>πάντη</span> <span class='ocrx_word' id='word_1_154' title='bbox 775 2462 922 2526; x_wconf 88' lang='lat' dir='ltr'>Cantabr.</span> <span class='ocrx_word' id='word_1_155' title='bbox 939 2485 998 2526; x_wconf 81' lang='lat' dir='ltr'>sec.</span> <span class='ocrx_word' id='word_1_156' title='bbox 1015 2464 1132 2538; x_wconf 64' lang='lat' dir='ltr'>Turn„</span> <span class='ocrx_word' id='word_1_157' title='bbox 1147 2461 1235 2546; x_wconf 88' lang='lat' dir='ltr'>quod</span> 
     </span>
     <span class='ocr_line' id='line_1_22' title="bbox 140 2561 1233 2651; baseline 0 -26"><span class='ocrx_word' id='word_1_158' title='bbox 140 2563 382 2650; x_wconf 88' lang='lat' dir='ltr'>superscriptum</span> <span class='ocrx_word' id='word_1_159' title='bbox 399 2563 528 2651; x_wconf 84' lang='lat' dir='ltr'>vulgato</span> <span class='ocrx_word' id='word_1_160' title='bbox 542 2566 573 2628; x_wconf 90' lang='lat' dir='ltr'>in</span> <span class='ocrx_word' id='word_1_161' title='bbox 590 2564 739 2629; x_wconf 86' lang='lat' dir='ltr'>Cantabr.</span> <span class='ocrx_word' id='word_1_162' title='bbox 756 2565 866 2649; x_wconf 90' lang='lat' dir='ltr'>primo.</span> <span class='ocrx_word' id='word_1_163' title='bbox 889 2563 988 2627; x_wconf 84' lang='grc' dir='ltr'>πόντα</span> <span class='ocrx_word' id='word_1_164' title='bbox 1007 2565 1081 2645; x_wconf 81' lang='grc' dir='ltr'>μέρη</span> <span class='ocrx_word' id='word_1_165' title='bbox 1104 2561 1233 2641; x_wconf 74' lang='grc' dir='ltr'>ἐσθημά-</span> 
     </span>
     <span class='ocr_line' id='line_1_23' title="bbox 138 2663 1234 2751; baseline 0.001 -26"><span class='ocrx_word' id='word_1_166' title='bbox 138 2688 196 2727; x_wconf 85' lang='grc' dir='ltr'>των</span> <span class='ocrx_word' id='word_1_167' title='bbox 221 2664 442 2751; x_wconf 82' lang='lat' dir='ltr'>interpretatur</span> <span class='ocrx_word' id='word_1_168' title='bbox 469 2666 641 2740; x_wconf 77' lang='lat' dir='ltr'>scholiasta,</span> <span class='ocrx_word' id='word_1_169' title='bbox 672 2689 729 2750; x_wconf 87' lang='lat' dir='ltr'>pro</span> <span class='ocrx_word' id='word_1_170' title='bbox 758 2670 831 2729; x_wconf 79' lang='grc' dir='ltr'>κατὰ</span> <span class='ocrx_word' id='word_1_171' title='bbox 856 2665 953 2729; x_wconf 75' lang='grc' dir='ltr'>πάντα</span> <span class='ocrx_word' id='word_1_172' title='bbox 978 2666 1097 2729; x_wconf 88' lang='lat' dir='ltr'>dictum</span> <span class='ocrx_word' id='word_1_173' title='bbox 1123 2663 1234 2750; x_wconf 89' lang='lat' dir='ltr'>accipit</span> 
     </span>
     <span class='ocr_line' id='line_1_24' title="bbox 140 2766 1233 2854; baseline 0.001 -26"><span class='ocrx_word' id='word_1_174' title='bbox 140 2766 306 2830; x_wconf 89' lang='lat' dir='ltr'>Heathius.</span> <span class='ocrx_word' id='word_1_175' title='bbox 353 2769 511 2831; x_wconf 84' lang='lat' dir='ltr'>Neutrum</span> <span class='ocrx_word' id='word_1_176' title='bbox 540 2767 606 2830; x_wconf 85' lang='lat' dir='ltr'>fieri</span> <span class='ocrx_word' id='word_1_177' title='bbox 639 2779 751 2854; x_wconf 90' lang='lat' dir='ltr'>potest.</span> <span class='ocrx_word' id='word_1_178' title='bbox 798 2766 1003 2831; x_wconf 88' lang='lat' dir='ltr'>Scribendum</span> <span class='ocrx_word' id='word_1_179' title='bbox 1040 2766 1128 2831; x_wconf 77' lang='grc' dir='ltr'>παντὶ</span> <span class='ocrx_word' id='word_1_180' title='bbox 1161 2787 1233 2831; x_wconf 83' lang='lat' dir='ltr'>cum</span> 
     </span>
     <span class='ocr_line' id='line_1_25' title="bbox 138 2868 739 2948; baseline 0.003 -19"><span class='ocrx_word' id='word_1_181' title='bbox 138 2868 285 2944; x_wconf 78' lang='lat' dir='ltr'>cantero,</span> <span class='ocrx_word' id='word_1_182' title='bbox 301 2887 332 2932; x_wconf 87' lang='lat' dir='ltr'>ct</span> <span class='ocrx_word' id='word_1_183' title='bbox 346 2868 387 2931; x_wconf 86' lang='lat' dir='ltr'>ad</span> <span class='ocrx_word' id='word_1_184' title='bbox 403 2871 516 2948; x_wconf 87' lang='grc' dir='ltr'>σόματι</span> <span class='ocrx_word' id='word_1_185' title='bbox 532 2869 739 2932; x_wconf 82' lang='lat' dir='ltr'>referendum.</span> 
     </span>
    </p>

    <p class='ocr_par' dir='ltr' id='par_1_10' title="bbox 181 2970 843 3059">
     <span class='ocr_line' id='line_1_26' title="bbox 181 2970 843 3059; baseline 0.006 -27"><span class='ocrx_word' id='word_1_186' title='bbox 181 2970 253 3053; x_wconf 85' lang='lat'><strong>837.</strong></span> <span class='ocrx_word' id='word_1_187' title='bbox 270 2971 432 3055; x_wconf 79' lang='grc' dir='ltr'>εὐφρόνως]</span> <span class='ocrx_word' id='word_1_188' title='bbox 449 2972 603 3052; x_wconf 82' lang='grc' dir='ltr'>εὐφρόναις</span> <span class='ocrx_word' id='word_1_189' title='bbox 617 2971 736 3059; x_wconf 85' lang='lat' dir='ltr'>aliquot</span> <span class='ocrx_word' id='word_1_190' title='bbox 751 2972 843 3036; x_wconf 86' lang='lat' dir='ltr'>codd.</span> 
     </span>
    </p>

    <p class='ocr_par' dir='ltr' id='par_1_11' title="bbox 181 3069 1019 3160">
     <span class='ocr_line' id='line_1_27' title="bbox 181 3069 1019 3160; baseline 0.005 -27"><span class='ocrx_word' id='word_1_191' title='bbox 181 3069 257 3151; x_wconf 87' lang='lat'><strong>840.</strong></span> <span class='ocrx_word' id='word_1_192' title='bbox 273 3071 428 3156; x_wconf 83' lang='grc' dir='ltr'>πρέσβεις]</span> <span class='ocrx_word' id='word_1_193' title='bbox 448 3073 582 3152; x_wconf 81' lang='grc' dir='ltr'>πρεσβὺς</span> <span class='ocrx_word' id='word_1_194' title='bbox 597 3074 746 3137; x_wconf 82' lang='lat' dir='ltr'>Cantabr.</span> <span class='ocrx_word' id='word_1_195' title='bbox 760 3075 881 3160; x_wconf 85' lang='lat' dir='ltr'>primus</span> <span class='ocrx_word' id='word_1_196' title='bbox 897 3091 928 3137; x_wconf 89' lang='lat' dir='ltr'>et</span> <span class='ocrx_word' id='word_1_197' title='bbox 947 3074 1019 3138; x_wconf 85' lang='lat' dir='ltr'>Ald.</span> 
     </span>
    </p>

    <p class='ocr_par' dir='ltr' id='par_1_12' title="bbox 135 3173 1234 4152">
     <span class='ocr_line' id='line_1_28' title="bbox 181 3173 1232 3259; baseline 0.004 -24"><span class='ocrx_word' id='word_1_198' title='bbox 181 3173 254 3253; x_wconf 89' lang='lat'><strong>841.</strong></span> <span class='ocrx_word' id='word_1_199' title='bbox 285 3174 389 3256; x_wconf 80' lang='grc' dir='ltr'>ψυχὴν</span> <span class='ocrx_word' id='word_1_200' title='bbox 414 3177 544 3240; x_wconf 88' lang='grc' dir='ltr'>διδόντες</span> <span class='ocrx_word' id='word_1_201' title='bbox 568 3174 675 3258; x_wconf 75' lang='grc' dir='ltr'>ἡδονῇ]</span> <span class='ocrx_word' id='word_1_202' title='bbox 702 3182 721 3213; x_wconf 86' lang='grc'>“</span> <span class='ocrx_word' id='word_1_203' title='bbox 736 3180 821 3259; x_wconf 76' lang='grc' dir='ltr'>ψυχῇ</span> <span class='ocrx_word' id='word_1_204' title='bbox 845 3177 974 3241; x_wconf 88' lang='grc' dir='ltr'>διδόντες</span> <span class='ocrx_word' id='word_1_205' title='bbox 998 3176 1107 3254; x_wconf 72' lang='grc' dir='ltr'>ἡδονὴν</span> <span class='ocrx_word' id='word_1_206' title='bbox 1130 3177 1232 3239; x_wconf 88' lang='lat' dir='ltr'>Turn.</span> 
     </span>
     <span class='ocr_line' id='line_1_29' title="bbox 139 3272 1233 3358; baseline 0.002 -22"><span class='ocrx_word' id='word_1_207' title='bbox 139 3273 247 3358; x_wconf 84' lang='lat' dir='ltr'>steph.</span> <span class='ocrx_word' id='word_1_208' title='bbox 266 3274 366 3338; x_wconf 84' lang='lat' dir='ltr'><strong>MSS.</strong></span> <span class='ocrx_word' id='word_1_209' title='bbox 387 3274 418 3337; x_wconf 91' lang='lat' dir='ltr'>ni</span> <span class='ocrx_word' id='word_1_210' title='bbox 439 3274 540 3352; x_wconf 85' lang='lat' dir='ltr'>fallor,</span> <span class='ocrx_word' id='word_1_211' title='bbox 561 3275 704 3337; x_wconf 78' lang='lat' dir='ltr'>universi.</span> <span class='ocrx_word' id='word_1_212' title='bbox 727 3276 830 3357; x_wconf 72' lang='grc' dir='ltr'>φωχὴν</span> <span class='ocrx_word' id='word_1_213' title='bbox 845 3272 921 3336; x_wconf 87' lang='lat' dir='ltr'>Ald.</span> <span class='ocrx_word' id='word_1_214' title='bbox 943 3273 1026 3336; x_wconf 89' lang='lat' dir='ltr'><strong>Rob.</strong></span> <span class='ocrx_word' id='word_1_215' title='bbox 1051 3274 1134 3336; x_wconf 89' lang='lat' dir='ltr'>unde</span> <span class='ocrx_word' id='word_1_216' title='bbox 1150 3276 1233 3339; x_wconf 90' lang='lat' dir='ltr'>Pau-</span> 
     </span>
     <span class='ocr_line' id='line_1_30' title="bbox 139 3373 1234 3462; baseline 0.001 -25"><span class='ocrx_word' id='word_1_217' title='bbox 139 3374 214 3438; x_wconf 88' lang='lat' dir='ltr'>wius</span> <span class='ocrx_word' id='word_1_218' title='bbox 227 3376 359 3462; x_wconf 91' lang='lat' dir='ltr'>conjecit</span> <span class='ocrx_word' id='word_1_219' title='bbox 372 3376 476 3459; x_wconf 76' lang='grc' dir='ltr'>Ψυχὴν</span> <span class='ocrx_word' id='word_1_220' title='bbox 491 3378 620 3442; x_wconf 87' lang='grc' dir='ltr'>διδόντες</span> <span class='ocrx_word' id='word_1_221' title='bbox 633 3377 733 3462; x_wconf 75' lang='grc' dir='ltr'>ἡδονῇ,</span> <span class='ocrx_word' id='word_1_222' title='bbox 749 3375 835 3461; x_wconf 91' lang='lat' dir='ltr'>quod</span> <span class='ocrx_word' id='word_1_223' title='bbox 850 3375 882 3437; x_wconf 89' lang='lat' dir='ltr'>in</span> <span class='ocrx_word' id='word_1_224' title='bbox 898 3389 1018 3438; x_wconf 82' lang='lat' dir='ltr'>textum</span> <span class='ocrx_word' id='word_1_225' title='bbox 1034 3373 1139 3438; x_wconf 86' lang='lat' dir='ltr'>intulit</span> <span class='ocrx_word' id='word_1_226' title='bbox 1156 3377 1234 3438; x_wconf 90' lang='lat' dir='ltr'>Por-</span> 
     </span>
     <span class='ocr_line' id='line_1_31' title="bbox 136 3474 1233 3562; baseline -0.002 -22"><span class='ocrx_word' id='word_1_227' title='bbox 136 3499 241 3556; x_wconf 90' lang='lat' dir='ltr'>sonus‚</span> <span class='ocrx_word' id='word_1_228' title='bbox 257 3478 335 3541; x_wconf 89' lang='lat' dir='ltr'>citra</span> <span class='ocrx_word' id='word_1_229' title='bbox 355 3478 574 3542; x_wconf 82' lang='lat' dir='ltr'>necessitatem.</span> <span class='ocrx_word' id='word_1_230' title='bbox 622 3477 792 3540; x_wconf 80' lang='lat' dir='ltr'>Scholiasta</span> <span class='ocrx_word' id='word_1_231' title='bbox 814 3476 931 3561; x_wconf 86' lang='lat' dir='ltr'>legerat</span> <span class='ocrx_word' id='word_1_232' title='bbox 953 3477 1057 3562; x_wconf 74' lang='grc' dir='ltr'>ψνχῆι</span> <span class='ocrx_word' id='word_1_233' title='bbox 1080 3474 1233 3561; x_wconf 85' lang='lat' dir='ltr'>interpre-</span> 
     </span>
     <span class='ocr_line' id='line_1_32' title="bbox 136 3577 1231 3665; baseline -0.003 -23"><span class='ocrx_word' id='word_1_234' title='bbox 136 3592 221 3644; x_wconf 84' lang='lat' dir='ltr'>tatur</span> <span class='ocrx_word' id='word_1_235' title='bbox 235 3580 329 3657; x_wconf 90' lang='lat' dir='ltr'>enim,</span> <span class='ocrx_word' id='word_1_236' title='bbox 346 3581 421 3643; x_wconf 85' lang='lat' dir='ltr'>satis</span> <span class='ocrx_word' id='word_1_237' title='bbox 435 3579 562 3665; x_wconf 85' lang='lat' dir='ltr'>quidem</span> <span class='ocrx_word' id='word_1_238' title='bbox 578 3577 725 3658; x_wconf 87' lang='lat' dir='ltr'>absurde,</span> <span class='ocrx_word' id='word_1_239' title='bbox 740 3582 824 3661; x_wconf 77' lang='grc' dir='ltr'>Ψνχῇ</span> <span class='ocrx_word' id='word_1_240' title='bbox 845 3579 975 3644; x_wconf 85' lang='grc' dir='ltr'>διδόντες</span> <span class='ocrx_word' id='word_1_241' title='bbox 994 3577 1112 3656; x_wconf 77' lang='grc' dir='ltr'>ἡδονὴν,</span> <span class='ocrx_word' id='word_1_242' title='bbox 1127 3577 1231 3658; x_wconf 76' lang='grc' dir='ltr'>ἤγουν,</span> 
     </span>
     <span class='ocr_line' id='line_1_33' title="bbox 135 3677 1233 3766; baseline -0.002 -22"><span class='ocrx_word' id='word_1_243' title='bbox 135 3683 256 3747; x_wconf 80' lang='grc' dir='ltr'>θύοντες</span> <span class='ocrx_word' id='word_1_244' title='bbox 271 3683 345 3763; x_wconf 67' lang='grc' dir='ltr'>ἐμοί</span> <span class='ocrx_word' id='word_1_245' title='bbox 370 3680 490 3744; x_wconf 82' lang='lat' dir='ltr'>Pauwii</span> <span class='ocrx_word' id='word_1_246' title='bbox 505 3680 724 3744; x_wconf 81' lang='lat' dir='ltr'>correctionem</span> <span class='ocrx_word' id='word_1_247' title='bbox 740 3678 937 3766; x_wconf 86' lang='lat' dir='ltr'>aliquatenus</span> <span class='ocrx_word' id='word_1_248' title='bbox 951 3679 1074 3742; x_wconf 85' lang='lat' dir='ltr'>firmare</span> <span class='ocrx_word' id='word_1_249' title='bbox 1091 3677 1233 3742; x_wconf 86' lang='lat' dir='ltr'>videatur</span> 
     </span>
     <span class='ocr_line' id='line_1_34' title="bbox 135 3778 1232 3870; baseline -0.002 -25"><span class='ocrx_word' id='word_1_250' title='bbox 135 3783 249 3870; x_wconf 87' lang='lat' dir='ltr'>Eurip.</span> <span class='ocrx_word' id='word_1_251' title='bbox 271 3782 423 3847; x_wconf 84' lang='lat' dir='ltr'>Phoeniss.</span> <span class='ocrx_word' id='word_1_252' title='bbox 444 3799 495 3845; x_wconf 87' lang='lat'>21.</span> <span class='ocrx_word' id='word_1_253' title='bbox 517 3779 556 3844; x_wconf 68' lang='grc' dir='ltr'>Ὀ</span> <span class='ocrx_word' id='word_1_254' title='bbox 579 3780 602 3844; x_wconf 88' lang='grc' dir='ltr'>δ’</span> <span class='ocrx_word' id='word_1_255' title='bbox 625 3784 716 3867; x_wconf 72' lang='grc' dir='ltr'>ἡδονῇ</span> <span class='ocrx_word' id='word_1_256' title='bbox 736 3782 811 3854; x_wconf 78' lang='grc' dir='ltr'>δοὺς,</span> <span class='ocrx_word' id='word_1_257' title='bbox 835 3804 876 3845; x_wconf 86' lang='lat' dir='ltr'>sc.</span> <span class='ocrx_word' id='word_1_258' title='bbox 900 3783 1016 3844; x_wconf 81' lang='grc' dir='ltr'>ἑαυτόν.</span> <span class='ocrx_word' id='word_1_259' title='bbox 1063 3778 1125 3843; x_wconf 89' lang='lat' dir='ltr'>Sed</span> <span class='ocrx_word' id='word_1_260' title='bbox 1147 3783 1232 3861; x_wconf 73' lang='grc' dir='ltr'>ψυχῇ</span> 
     </span>
     <span class='ocr_line' id='line_1_35' title="bbox 135 3881 1232 3969; baseline -0.005 -22"><span class='ocrx_word' id='word_1_261' title='bbox 135 3887 265 3952; x_wconf 84' lang='grc' dir='ltr'>διδόντες</span> <span class='ocrx_word' id='word_1_262' title='bbox 282 3885 392 3964; x_wconf 75' lang='grc' dir='ltr'>ἡδονὴν</span> <span class='ocrx_word' id='word_1_263' title='bbox 406 3883 541 3969; x_wconf 85' lang='lat' dir='ltr'>quadrat</span> <span class='ocrx_word' id='word_1_264' title='bbox 559 3905 630 3946; x_wconf 88' lang='lat' dir='ltr'>cum</span> <span class='ocrx_word' id='word_1_265' title='bbox 653 3881 848 3968; x_wconf 85' lang='lat' dir='ltr'>Theognidis</span> <span class='ocrx_word' id='word_1_266' title='bbox 862 3897 1029 3969; x_wconf 81' lang='lat' dir='ltr'>praecepto,</span> <span class='ocrx_word' id='word_1_267' title='bbox 1044 3882 1109 3961; x_wconf 81' lang='grc' dir='ltr'>Τὴν</span> <span class='ocrx_word' id='word_1_268' title='bbox 1123 3886 1232 3944; x_wconf 84' lang='grc' dir='ltr'>σαυτοῦ</span> 
     </span>
     <span class='ocr_line' id='line_1_36' title="bbox 136 3982 1233 4071; baseline -0.004 -21"><span class='ocrx_word' id='word_1_269' title='bbox 136 3986 233 4068; x_wconf 87' lang='grc' dir='ltr'>φρένα</span> <span class='ocrx_word' id='word_1_270' title='bbox 247 3986 346 4068; x_wconf 86' lang='grc' dir='ltr'>τέρπε,</span> <span class='ocrx_word' id='word_1_271' title='bbox 363 4003 394 4049; x_wconf 89' lang='lat' dir='ltr'>et</span> <span class='ocrx_word' id='word_1_272' title='bbox 409 3984 582 4071; x_wconf 85' lang='lat' dir='ltr'>Euripidis,</span> <span class='ocrx_word' id='word_1_273' title='bbox 599 3986 750 4066; x_wconf 81' lang='grc' dir='ltr'>Εὕφραινε</span> <span class='ocrx_word' id='word_1_274' title='bbox 765 3985 906 4048; x_wconf 81' lang='grc' dir='ltr'>σουτόν.”</span> <span class='ocrx_word' id='word_1_275' title='bbox 930 3984 1104 4047; x_wconf 83' lang='lat' dir='ltr'><strong>BLOMF.</strong></span> <span class='ocrx_word' id='word_1_276' title='bbox 1132 3982 1233 4046; x_wconf 82' lang='lat' dir='ltr'>Recte</span> 
     </span>
     <span class='ocr_line' id='line_1_37' title="bbox 138 4088 296 4152; baseline -0.006 0"><span class='ocrx_word' id='word_1_277' title='bbox 138 4088 296 4152; x_wconf 85' lang='lat' dir='ltr'>Pauwius.</span> 
     </span>
    </p>

    <p class='ocr_par' dir='ltr' id='par_1_13' title="bbox 135 4184 1232 4478">
     <span class='ocr_line' id='line_1_38' title="bbox 178 4184 1232 4272; baseline -0.001 -22"><span class='ocrx_word' id='word_1_278' title='bbox 178 4190 253 4267; x_wconf 84' lang='lat'><strong>842.</strong></span> <span class='ocrx_word' id='word_1_279' title='bbox 275 4188 413 4272; x_wconf 79' lang='grc' dir='ltr'>πλοῦτος]</span> <span class='ocrx_word' id='word_1_280' title='bbox 429 4186 552 4270; x_wconf 83' lang='grc' dir='ltr'>χρήματ’</span> <span class='ocrx_word' id='word_1_281' title='bbox 569 4187 720 4251; x_wconf 81' lang='lat' dir='ltr'>Cantabr.</span> <span class='ocrx_word' id='word_1_282' title='bbox 736 4186 857 4272; x_wconf 87' lang='lat' dir='ltr'>primus</span> <span class='ocrx_word' id='word_1_283' title='bbox 878 4208 949 4250; x_wconf 89' lang='lat' dir='ltr'>cum</span> <span class='ocrx_word' id='word_1_284' title='bbox 972 4184 1066 4250; x_wconf 88' lang='lat' dir='ltr'>schol.</span> <span class='ocrx_word' id='word_1_285' title='bbox 1088 4184 1232 4249; x_wconf 87' lang='lat' dir='ltr'>recentis·</span> 
     </span>
     <span class='ocr_line' id='line_1_39' title="bbox 135 4287 1231 4376; baseline 0 -24"><span class='ocrx_word' id='word_1_286' title='bbox 135 4288 213 4353; x_wconf 89' lang='lat' dir='ltr'>simo</span> <span class='ocrx_word' id='word_1_287' title='bbox 238 4290 352 4376; x_wconf 84' lang='lat' dir='ltr'>Eurip.</span> <span class='ocrx_word' id='word_1_288' title='bbox 379 4293 482 4354; x_wconf 83' lang='lat' dir='ltr'>Orest.</span> <span class='ocrx_word' id='word_1_289' title='bbox 506 4291 580 4353; x_wconf 89' lang='lat'><strong>680.</strong></span> <span class='ocrx_word' id='word_1_290' title='bbox 608 4291 697 4373; x_wconf 88' lang='lat'><strong>(669.</strong></span> <span class='ocrx_word' id='word_1_291' title='bbox 721 4288 867 4373; x_wconf 62' lang='lat' dir='ltr'>Masta),</span> <span class='ocrx_word' id='word_1_292' title='bbox 894 4287 1048 4353; x_wconf 88' lang='lat' dir='ltr'>Triclinio</span> <span class='ocrx_word' id='word_1_293' title='bbox 1069 4287 1109 4351; x_wconf 86' lang='lat' dir='ltr'>ad</span> <span class='ocrx_word' id='word_1_294' title='bbox 1134 4287 1231 4376; x_wconf 90' lang='lat' dir='ltr'><strong>Soph.</strong></span> 
     </span>
     <span class='ocr_line' id='line_1_40' title="bbox 135 4390 812 4478; baseline -0.001 -25"><span class='ocrx_word' id='word_1_295' title='bbox 135 4391 249 4478; x_wconf 84' lang='lat' dir='ltr'>Antig.</span> <span class='ocrx_word' id='word_1_296' title='bbox 264 4394 339 4475; x_wconf 83' lang='lat'>566.</span> <span class='ocrx_word' id='word_1_297' title='bbox 357 4407 388 4455; x_wconf 85' lang='lat' dir='ltr'>et</span> <span class='ocrx_word' id='word_1_298' title='bbox 404 4390 530 4454; x_wconf 86' lang='lat' dir='ltr'>Thoma</span> <span class='ocrx_word' id='word_1_299' title='bbox 545 4391 595 4455; x_wconf 90' lang='lat' dir='ltr'>M.</span> <span class='ocrx_word' id='word_1_300' title='bbox 613 4413 636 4454; x_wconf 93' lang='lat' dir='ltr'>s.</span> <span class='ocrx_word' id='word_1_301' title='bbox 649 4413 678 4452; x_wconf 87' lang='lat' dir='ltr'>v.</span> <span class='ocrx_word' id='word_1_302' title='bbox 694 4390 812 4471; x_wconf 78' lang='grc' dir='ltr'>ὠφελῶ.</span> 
     </span>
    </p>
   </div>
   <div class='ocr_carea' id='block_1_4' title="bbox 0 0 1494 5062">
    <p class='ocr_par' dir='ltr' id='par_1_14' title="bbox 0 0 1494 5062">
     <span class='ocr_line' id='line_1_41' title="bbox 0 0 1494 5062; baseline 0 2"><span class='ocrx_word' id='word_1_303' title='bbox 0 0 1494 5062; x_wconf 95' lang='lat' dir='ltr'> </span> 
     </span>
    </p>
   </div>
  </div>
 </body>
</html>
