2978 5062
261 335 325 399 234
623 336 1001 401 ANNOTATIONES

262 503 372 570 fabula
392 506 424 568 in
448 505 569 569 theatro
597 507 793 592 Syracusano
817 506 858 569 ab
880 507 949 592 ipso
970 493 1101 591 repetita
1127 517 1231 589 poeta,
1253 521 1361 587 quem,

260 630 361 694 quum
388 607 490 672 victus
511 607 543 670 in
566 606 734 670 certamine
756 607 876 670 scenico
896 606 937 670 ab
962 605 1117 692 Sophocle
1137 606 1256 692 juvene
1281 616 1362 666 esset

260 709 408 773 archonte
432 708 636 795 Apsephione
660 707 790 795 (olymp.
813 725 866 791 77,
888 710 951 793 3.),
977 707 1083 772 relicta
1105 704 1206 793 patria
1229 704 1261 766 in
1285 701 1361 765 Sici·

256 808 345 888 liam,
367 809 530 888 invitante,
547 825 583 873 ut
597 809 734 887 videtur,
752 811 903 889 Hierone,
925 809 1082 873 secessisse
1105 805 1267 872 Plutarchi
1289 826 1362 867 con·

260 924 323 975 stat
337 911 512 975 testimonio
531 911 562 974 in
583 911 648 975 vita
671 911 811 976 Cimonis
831 934 857 976 α.
875 914 905 975 8.
940 911 996 974 Ad
1018 909 1096 974 illud
1117 909 1214 996 igitur
1238 920 1363 992 tempus

261 1013 457 1077 referendum
477 1013 562 1099 quod
585 1037 623 1076 ex
648 1014 865 1079 Eratosthenis
886 1012 1115 1077 commentariis
1133 1010 1255 1075 rettulit
1274 1010 1362 1072 scho-
1475 1024 1478 1031 ’

260 1113 350 1179 liasta
368 1114 589 1202 Aristophanis
605 1117 686 1178 Ran.
706 1118 799 1180 1060.
822 1123 941 1182 δοκοῦσι
965 1119 998 1180 δὶ
1020 1116 1100 1178 οὗτοι
1120 1117 1149 1177 ol
1169 1113 1287 1192 Πέρσαι
1306 1111 1363 1174 ὑπὸ

261 1220 315 1279 τοῦ
330 1218 484 1300 Αἰσχύλον
506 1218 676 1300 δεδιδάχθαι
698 1220 732 1280 ἐν
750 1221 958 1299 Συρακούσαις,
975 1215 1200 1282 σπουδάσαντος
1215 1213 1361 1294 Ἱέρωνος,

263 1319 302 1385 ὥς
325 1326 418 1400 φησιν
432 1316 652 1399 Ἐρατοσθένης
675 1320 708 1381 έν
729 1318 757 1401 γ’
772 1323 839 1400 περὶ
856 1327 1020 1406 κωμῳδιῶν.
1065 1316 1257 1381 Accuratius
1279 1314 1363 1377 locu·

264 1433 316 1483 tus
338 1419 470 1506 scriptor
485 1419 558 1483 vitoe
574 1418 719 1505 AEschyli
742 1422 914 1502 ἀναδιδθξαι
933 1423 1024 1498 dixit,
1040 1423 1140 1486 Φασὶν
1154 1419 1211 1483 ὑπὸ
1229 1416 1364 1496 Ἱέρωνος

267 1521 429 1601 ἀξιωθέντα
451 1520 623 1600 ὰναδιδθξαι
646 1524 712 1590 τοὺς
732 1522 854 1604 Πέρσας
877 1527 911 1587 έν
930 1526 1052 1608 Σικελίᾳ
1066 1523 1113 1585 καὶ
1126 1522 1198 1585 λίαν
1214 1520 1364 1597 εὐδοκιμῆ-

264 1648 327 1699 σαι,
343 1623 364 1685 i.
381 1647 408 1686 e.
423 1639 557 1686 veterem
574 1624 712 1687 fabulam
734 1625 774 1688 de
795 1646 877 1688 novo
891 1625 1043 1689 docuisse.
1088 1625 1175 1687 Vana
1189 1621 1270 1684 enim
1286 1643 1364 1707 quo·

264 1725 399 1789 rundam
418 1725 524 1812 opinio
538 1742 586 1790 est
605 1726 684 1791 duas
706 1728 872 1791 Persarum
895 1727 1046 1791 editiones
1066 1726 1139 1814 plus
1159 1724 1300 1787 minusve
1317 1721 1365 1785 di·

264 1850 370 1891 versas
383 1828 546 1905 exstitisse,
563 1850 665 1914 neque
679 1828 831 1893 exstitisse
846 1831 957 1906 solum,
973 1830 1026 1893 sed
1042 1828 1135 1892 etiam
1156 1827 1188 1890 in
1210 1846 1365 1912 gramma-

266 1929 396 1995 ticorum
422 1953 533 1994 manus
556 1931 741 2018 pervenisse.
785 1934 866 2009 Qum
887 1932 1068 2017 conjectura
1090 1952 1151 1993 non
1172 1928 1233 1992 alio
1254 1926 1365 1991 nititur
1411 1914 1413 1918 ί

264 2033 471 2099 fundamento
490 2056 584 2119 quam
601 2033 688 2120 quod
710 2032 887 2097 Athenaeus
901 2054 933 2119 3.
956 2056 988 2119 p.
1001 2033 1042 2096 86
1058 2034 1097 2096 C.
1121 2032 1228 2112 νήσους
1250 2054 1363 2111 νηριτο.

265 2138 394 2218 τρόφονς
416 2135 579 2200 scholiasta
601 2149 706 2200 autem
723 2135 934 2221 Hermogenis
955 2134 1041 2222 apud
1062 2127 1204 2198 Bastiunr
1226 2131 1266 2196 ad
1284 2131 1363 2195 Gre-

264 2261 334 2326 gor.
349 2240 425 2302 Cor.
449 2260 480 2325 p.
498 2256 570 2320 241.
585 2230 664 2319 ¹(vol.
679 2253 710 2321 5.
735 2260 765 2323 p.
781 2237 855 2316 486.
878 2236 927 2300 ed.
943 2237 1064 2321 Walz.)
1085 2234 1272 2299 vocabulum
1294 2234 1365 2296 ὑπό-

266 2347 354 2421 ξυλος
374 2364 414 2404 ex
435 2341 494 2404 hac
515 2338 623 2404 fabula
644 2338 836 2403 memoravit.
881 2342 1025 2417 Quorum
1044 2353 1190 2403 neutrum
1210 2359 1308 2423 quum
1332 2335 1362 2397 in

266 2442 374 2507 fabula
389 2441 554 2528 superstite
576 2443 710 2526 legatur,
728 2463 820 2505 nemo
834 2440 924 2505 facile
943 2440 1036 2505 hodie
1052 2441 1110 2504 erit
1132 2440 1208 2527 quin
1232 2439 1280 2502 vel
1302 2460 1364 2500 me·

266 2546 364 2610 moria
387 2545 489 2632 lapsos
517 2543 736 2629 granimaticos
760 2542 829 2607 illos
858 2566 923 2606 esse
948 2542 997 2607 vel
1023 2543 1163 2608 librarios
1187 2544 1365 2616 Persarum,

266 2670 378 2712 nomen
402 2646 493 2710 simili
513 2645 617 2724 alicui,
633 2644 725 2733 quale
748 2645 986 2711 Perrhaebidum
1002 2661 1059 2725 est,
1077 2645 1272 2711 substituisse
1293 2664 1365 2706 con·

267 2748 358 2813 cedat
373 2748 585 2835 potiusquam
605 2749 645 2812 de
665 2748 783 2835 duplici
801 2750 916 2836 cogitet
937 2751 1121 2827 recensione,
1137 2750 1228 2834 cujus
1243 2746 1363 2811 nullum

267 2872 400 2936 usquam
424 2849 508 2914 aliud
531 2850 681 2915 indicium
704 2865 751 2916 est
773 2866 942 2939 repertum,
960 2851 1017 2914 uisi
1038 2851 1109 2936 quis
1131 2850 1363 2914 scholiastarum

268 2952 465 3039 quorundam
491 2952 669 3040 exemplum
696 2968 820 3018 secutus
844 2952 967 3017 ludicro
994 2951 1213 3037 Aristophanis
1238 2951 1366 3014 invento

268 3054 356 3119 abuti
373 3054 457 3130 velit,
474 3055 514 3120 de
528 3079 593 3142 quo
607 3056 639 3119 in
655 3055 854 3120 annotatione
868 3054 908 3118 ad
925 3077 952 3116 v.
969 3055 1042 3135 664.
1057 3074 1260 3140 exponemus.

316 3361 343 3404 1.
362 3341 764 3424 Τάδε-Περσῶν-πιστδ]
789 3342 859 3406 τάδε
878 3345 972 3407 πιστὰ
993 3364 1052 3429 pro
1075 3343 1136 3406 οἵδε
1156 3342 1264 3417 πιστοὶ,
1283 3339 1365 3402 enal-

269 3442 515 3529 lagcsatisnota.
540 3442 631 3506 Infra
641 3440 770 3506 681.’n
781 3448 873 3509 πιστὰ
883 3450 1006 3510 πιστῶν.
1032 3447 1168 3509 Eumen.
1179 3444 1253 3525 486.
1266 3445 1366 3507 ἀστῶν

269 3551 329 3609 τῶν
344 3547 422 3625 έμῶν
436 3549 474 3608 τὰ
487 3545 634 3623 βέλτατα.
669 3545 784 3634 Eurip.
800 3547 901 3611 Orest.
922 3567 1011 3627 1244.
1036 3548 1202 3627 Μυκηνίδες
1223 3544 1246 3609 ὦ
1268 3548 1365 3627 φίλαι,

269 3650 316 3712 Te
338 3653 439 3729 πρῶτα
461 3649 535 3711 κατδ
557 3647 723 3729 Πελασγὸν
740 3648 806 3715 ἕδος
818 3648 975 3732 Ἀργείων.
1010 3648 1176 3735 Aristoph.
1192 3651 1275 3713 Rau.
1291 3670 1364 3732 419.

270 3749 349 3812 Νυνὶ
364 3750 396 3811 δὲ
411 3752 583 3829 δημαγωγεῖ
593 3746 648 3812 Ἐν
670 3755 733 3816 τοῖς
752 3750 814 3813 ἄνω
837 3756 996 3831 νεκροῖσιν,
1015 3753 1130 3815 Κᾶστιν
1144 3754 1181 3815 τδ
1195 3758 1295 3832 πρῶτα
1317 3756 1367 3830 τῆς

271 3852 336 3915 ἐκεῖ
353 3852 526 3933 μοχθηρίας.
566 3849 617 3914 Cf.
635 3850 790 3915 Herodot.
807 3853 838 3928 6,
856 3872 926 3916 100.
942 3871 971 3935 9,
990 3852 1041 3935 78.
1080 3854 1133 3918 Sic
1148 3853 1367 3941 Thucydides,

270 3956 308 4018 τὰ
322 3953 402 4033 μέσα
415 3960 473 4017 τῶν
488 3959 629 4017 πολιτῶν.
665 3953 736 4019 Vid.
753 3954 881 4018 omnino
896 3956 1113 4019 Hemsterhus.
1129 3956 1161 4018 in
1179 3957 1271 4020 Misc.
1287 3956 1366 4021 Obs.

271 4075 303 4138 5.
317 4078 348 4141 p.
365 4075 417 4140 30.
431 4072 462 4119 et
476 4055 516 4118 ad
534 4055 669 4120 Lucian.
682 4056 743 4120 vol.
764 4078 791 4120 1.
808 4081 839 4144 p.
859 4076 930 4140 147.
977 4058 1029 4122 Sic
1049 4058 1130 4122 inter
1147 4059 1279 4124 Latinos
1299 4062 1367 4124 Lu-

272 4157 387 4221 cretius
413 4178 437 4219 ι.
460 4159 512 4240 87.
532 4159 642 4243 prima
665 4161 816 4223 virorem.
852 4159 949 4225 Ovid.
972 4163 1047 4224 Am.
1075 4181 1103 4239 1,
1129 4181 1158 4240 1,
1181 4182 1211 4246 9.
1233 4163 1368 4228 Summa

273 4260 387 4321 ductim
402 4260 543 4323 Atrides.
564 4260 739 4325 BLOMF.

316 4359 420 4445 πιστά]
444 4363 585 4448 Satrapae
600 4376 632 4426 et
645 4363 735 4427 amici
752 4364 832 4449 regis
848 4366 1013 4429 Persarum
1029 4365 1146 4430 solenni
1162 4367 1369 4454 appellatione

273 4461 373 4525 πιστοὶ
394 4461 581 4536 audiebant;
606 4465 691 4549 qaod
715 4479 797 4528 reete
818 4465 1016 4531 observatum
1033 4485 1080 4533 est
1094 4469 1125 4533 in
1142 4469 1226 4534 Bibl.
1243 4469 1321 4535 Crit.
1336 4493 1367 4551 4,
