2978 5062
263 335 328 398 208
625 334 1003 399 ANNOTATIONES

258 506 355 592 giam,
371 506 598 572 delendosesse
613 508 692 572 vidit
708 509 866 574 Butlerus.
913 509 973 574 Sed
998 508 1208 595 praecedentes
1231 535 1368 599 quoque

259 608 325 672 duo
340 611 664 692 ἕξουσι-φορούμενοι
679 611 806 674 minime
821 628 895 676 sunt
912 612 1083 697 AEschylei.

303 711 377 774 818.
393 713 488 799 ταφῇ]
506 711 592 797 τάφῳ
607 711 727 798 aliquot
741 712 832 776 codd.
848 728 879 777 et
894 714 970 778 Ald.
988 714 1071 777 Rob.

304 814 377 876 820.
411 813 587 897 βασιλέοιν]
618 815 793 892 βασιλείοιν
822 815 870 877 Μ.
901 815 1016 900 aliique
1045 815 1187 878 nonnulli
1219 830 1251 880 ct
1280 817 1363 882 Ald.

260 913 381 977 Eadem
398 914 463 978 fere
477 915 573 978 verba
586 915 618 977 in
635 937 725 978 versu
741 914 849 1001 spun'o
865 917 938 995 804.

304 1018 376 1080 821.
406 1017 558 1103 πέπωκεν]
590 1016 743 1081 πέπτωκεν
771 1015 891 1103 aliquot
919 1017 1009 1082 codd.
1041 1033 1073 1083 et
1098 1018 1176 1082 Ald.
1209 1019 1364 1084 πέπωκτοι

261 1118 344 1182 Rob.

302 1218 380 1302 γαῖ’]
398 1223 456 1301 γᾶν
471 1220 520 1282 Μ.
538 1234 570 1283 et
585 1235 647 1282 tres
662 1218 726 1296 alii,
742 1218 807 1282 duo
822 1224 872 1302 γᾶ.

303 1322 377 1386 822.
399 1320 568 1405 πολιοῦχοι]
590 1326 769 1403 πολισοῦχοι
792 1321 869 1385 Ald.
896 1326 1095 1405 πολισσοῦχοι
1118 1324 1166 1386 Μ,
1189 1321 1306 1408 aliique
1327 1339 1363 1388 et

260 1421 344 1486 Rob.
361 1423 465 1485 Turn.

302 1529 460 1605 πολιοῦχοι
489 1523 640 1609 δαίμονες]
671 1527 871 1607 πολισσοῦχοι
900 1526 963 1588 θεοὶ
989 1526 1124 1587 Tzetzes
1152 1523 1192 1587 ad
1223 1524 1359 1589 Hesiodi

259 1625 411 1710 op.128.

302 1726 376 1805 824.
395 1728 501 1790 τούσδε
515 1727 636 1809 ῥύεσθε]
654 1725 751 1789 τούσδ’
768 1714 905 1807 ἐρύεσθῶ
921 1728 967 1791 Μ.
991 1729 1098 1791 τούσδε
1112 1726 1235 1808 ῥύεσθαι
1250 1727 1358 1814 Mosq.

257 1827 385 1914 primus
416 1828 514 1893 τοῦσδ’
543 1830 667 1909 ἐρύεσθε
691 1828 796 1912 Mosq.
827 1828 992 1905 secundus,
1017 1827 1226 1914 superscripto
1248 1831 1359 1894 τούσδε

257 1930 443 2011 φυλάσσετε.
470 1931 545 1993 Post
561 1932 669 2011 ῥύεσθε
684 1929 800 1994 excidit
814 1930 941 2016 dipodia
955 1929 1150 2016 anapaestico,
1166 1953 1231 2016 qua
1246 1931 1359 1995 ultima

257 2029 339 2094 illius
355 2031 441 2095 verbi
457 2031 576 2118 syllaba
591 2031 745 2119 producta
758 2030 828 2095 luit.

302 2134 375 2197 826.
399 2133 522 2220 σωτῆρι]
547 2136 676 2217 σωτηρία
696 2131 816 2218 aliquot
837 2131 966 2196 codices.
1012 2131 1077 2196 Hic
1097 2154 1225 2218 quoque
1247 2155 1357 2198 versus

257 2256 319 2300 non
335 2234 464 2320 integer.
510 2234 716 2298 Scribendum
731 2237 848 2301 πόλεως
863 2235 962 2297 ἀσινεῖ
974 2238 1083 2314 σωτῆρι
1097 2235 1180 2318 τύχα.

301 2335 374 2401 828.
389 2336 611 2420 πολεμάρχους]
628 2336 821 2420 πολεμάρχας
834 2335 954 2421 aliquot
967 2334 1096 2399 codices.
1141 2335 1266 2399 Atticos
1281 2359 1357 2400 vero

256 2437 438 2524 hujusmodi
452 2437 623 2525 composita
637 2461 694 2525 per
707 2465 762 2522 χοε
778 2436 924 2502 extulisse
946 2436 1058 2522 colligo
1080 2460 1118 2500 ex
1141 2436 1276 2524 propriis
1298 2459 1354 2500 no-

257 2539 394 2603 minibus
409 2538 584 2622 Ἵππαρχος,
600 2539 747 2623 Νέαρχος,
765 2539 929 2622 Κλέαρχος.
977 2540 1017 2601 In
1033 2537 1177 2625 Choeph.
1194 2554 1286 2621 1070.
1302 2564 1357 2602 πο·

256 2641 406 2725 λε’μαρχος
428 2641 502 2722 ἀνὴρ
524 2640 605 2705 basis
627 2640 813 2728 anapaestioe
830 2652 887 2703 est.
910 2638 1009 2703 Rhea.
1027 2640 1103 2724 381.
1119 2641 1254 2718 Σκῦμνον
1270 2641 1354 2721 ἔθρε-

256 2750 319 2824 ψας
333 2746 500 2825 πολίαρχον
516 2745 597 2805 ίδεῖυ.
631 2741 701 2805 Vid.
718 2744 803 2806 Pers.
819 2761 894 2827 3¹4·
919 2740 1030 2827 Suppl.
1047 2758 1095 2804 12.
1111 2742 1185 2824 967.
1208 2740 1353 2828 Choeph.

256 2847 329 2907 662.
348 2859 380 2907 et
400 2858 518 2907 veteres
539 2843 685 2909 lectiones
705 2865 837 2930 reponas
857 2843 890 2906 in
915 2841 1060 2929 Sophocl.
1076 2840 1157 2905 OEd.
1174 2843 1354 2927 Col-1085.

256 2945 348 3029 Ajac.
363 2965 438 3030 390.
462 2946 639 3010 BLOMF.

301 3047 374 3128 829.
393 3046 469 3131 κατ’]
489 3048 536 3111 καὶ
552 3048 611 3112 κατ’
631 3047 704 3112 Ald.
721 3046 804 3111 Rob.

300 3148 374 3232 83ο.
406 3149 453 3212 καὶ
478 3149 679 3235 πολυνεικεῖς]
708 3150 790 3212 Haec
818 3150 912 3212 verba
940 3161 1011 3234 post
1040 3151 1133 3229 ὀρθῶς
1162 3147 1353 3233 transposuit

255 3248 470 3314 Blomlieldus.
515 3250 598 3314 Mihi
614 3275 653 3315 ex
667 3250 852 3337 glossemate
865 3248 905 3312 ad
922 3251 1088 3330 ἐπωνυμίαν
1103 3249 1260 3334 adscripto
1279 3264 1354 3313 nata

254 3350 418 3416 videntur:
442 3376 514 3438 quae
530 3353 636 3416 Bothii
651 3375 778 3439 quoque
793 3351 944 3414 sententia
958 3351 1027 3414 fuit.

299 3454 694 3538 832-839=840-847.
719 3454 834 3518 Versus
855 3453 887 3516 in
910 3452 987 3516 Ald.
1010 3452 1052 3516 sic
1075 3450 1166 3514 divisi
1188 3450 1279 3538 8-1
1299 3453 1349 3533 γί-

255 3578 369 3620 νεος-
387 3553 393 3639 Ι
411 3562 510 3619 πιτνεῖ
533 3557 667 3636 κρύος-
685 3554 691 3639 Ι
710 3559 828 3623 θυᾶς-
846 3555 851 3640 Ι
872 3556 1060 3621 θανόντας·
1079 3554 1084 3640 Ι
1104 3551 1309 3633 ἔξίπροξεν-
1328 3552 1334 3639 Ι

253 3659 409 3732 βουλαὶ-
426 3655 432 3741 Ι
450 3656 631 3737 μέριμναι-
649 3654 655 3741 Ι
675 3659 708 3719 ld
723 3681 799 3719 π.-
817 3659 824 3740 Ι
841 3657 965 3736 ἣλθε-
983 3655 989 3741 Ι
1008 3653 1113 3719 τάδ-
1132 3652 1138 3739 Ι
1157 3656 1307 3718 διπλαὶ-
1326 3654 1334 3740 Ι

254 3754 362 3820 κθκ’-
379 3756 385 3842 Ι
405 3757 435 3819 τί
448 3755 530 3820 δ’-,

298 3860 370 3942 833.
385 3856 426 3944 τ’]
444 3856 471 3939 γ’
488 3856 636 3921 Cantabr.
653 3871 793 3941 uterque.
833 3856 1022 3919 Particulam
1038 3856 1174 3942 ineptam
1191 3870 1273 3919 recte
1287 3879 1351 3922 om.

254 3959 336 4022 Rob.
383 3958 501 4022 Hiatus
516 3981 589 4021 vero
604 3960 729 4023 Οἰδίπου
751 3959 809 4040 ὰρδ
830 3980 927 4044 quum
950 3980 1010 4021 non
1026 3959 1126 4043 magis
1140 3956 1288 4020 ferendus
1303 3958 1350 4020 vi-

252 4059 365 4124 deatur
386 4083 480 4146 quam
503 4061 689 4141 παλαίφατοι
711 4060 782 4140 ἀραί
801 4083 831 4123 v.
853 4063 926 4143 766,
946 4060 994 4124 vel
1014 4062 1139 4124 Οἰδίπου
1160 4058 1207 4122 vel
1230 4061 1289 4140 δρᾶ
1310 4083 1350 4124 ex

251 4159 436 4244 glossemate
451 4161 572 4225 illatum
590 4160 713 4224 videtur
727 4182 786 4246 pro
799 4160 861 4224 alio
876 4161 1037 4225 vocabulo.

297 4260 370 4345 834.
386 4262 439 4343 με]
453 4288 511 4342 μου
526 4260 616 4325 codd.
632 4260 751 4345 aliquot
766 4276 797 4325 et
812 4260 886 4324 Ald.
904 4264 1006 4324 Turn.
1021 4287 1072 4340 μοι
1086 4260 1151 4323 duo
1164 4259 1257 4324 codd.

296 4366 417 4441 καρδίαν
443 4365 491 4427 Μ.
523 4361 648 4447 aliique.
694 4362 760 4424 Alii
790 4365 892 4445 καρδίᾳ
920 4384 991 4425 cum
1021 4360 1098 4424 Ald.
1129 4361 1212 4424 Rob.
1246 4365 1350 4447 κραδία

254 4465 355 4527 Turn.
