2978 5062
550 355 618 418 AD
642 357 831 419 PERSAS.
1174 355 1236 422 291

139 518 305 598 άνύστητον
326 525 427 602 χῶρον
448 521 521 601 έβης
547 523 667 603 ένέρων.
705 523 876 609 Eleganter
898 521 1069 609 Euripides
1093 522 1124 585 in
1152 522 1240 608 fraga

138 634 244 683 mento
265 619 297 683 in
321 621 456 686 Belleri
473 625 597 688 Anecd.
613 626 673 689 vol.
694 645 721 688 ι.
737 648 767 711 p.
783 643 860 709 344.
875 625 939 687 θεοὶ
952 626 1078 706 χθόνιοι,
1097 627 1242 705 Ζοφερδν

137 721 281 787 ἆδίαυλον
297 724 417 806 ἔχοντες
440 726 528 806 ἕδραν
542 726 607 804 Τὴν
624 725 828 808 φθειρομένων
842 725 1053 808 Ἀχερόντειου
1068 726 1238 804 Alpem.-

138 823 279 891 άδίαυλος
296 839 343 889 est
364 825 461 903 locus,
487 828 570 891 unde
595 850 687 891 nemo
709 842 805 913 queat
828 826 945 909 κάμψαι
967 829 1089 890 διαύλου
1110 825 1237 907 θάτερον

139 931 237 989 κῶλον
248 925 351 991 πάλιν.
375 929 550 993 BLOMF.

182 1027 257 1110 689.
276 1032 349 1091 κατὰ
359 1030 485 1113 χθονὸς]
503 1034 692 1113 καταχθόνιοι
707 1033 784 1095 Ven.
799 1030 920 1118 primus
933 1044 965 1094 et
980 1029 1056 1093 Ald.

182 1130 256 1213 691.
282 1132 530 1217 ἐνδυναστεύσας]
557 1135 739 1220 Principem
763 1135 937 1198 interillos
961 1134 1059 1196 locum
1082 1133 1236 1198 obtinent.

140 1231 321 1294 “Veterum
345 1232 452 1319 opinio
473 1250 548 1312 erat,
572 1257 671 1320 reges,
693 1235 749 1320 qui
774 1235 889 1298 virtute
910 1250 942 1298 et
965 1234 1056 1297 factis
1074 1234 1237 1299 excelluis-

139 1349 216 1410 sent,
239 1333 324 1419 apud
352 1334 466 1398 inferos
485 1359 597 1422 magua
619 1336 651 1399 in
675 1336 827 1422 dignitate
852 1360 928 1414 esse,
953 1335 1180 1422 imperiumque
1202 1337 1234 1400 in

139 1450 334 1499 mortuorum
350 1437 514 1501 simulacra
528 1461 581 1501 seu
602 1439 720 1501 animas
734 1461 884 1501 exercere.
922 1437 1023 1524 Apud
1048 1438 1235 1524 Sophoclem

139 1535 193 1600 El.
211 1538 285 1619 841.
308 1538 524 1624 Amphiaraus
537 1540 594 1603 ύπὸ
609 1542 697 1621 γαίας
710 1538 873 1623 πάμψυχος
888 1538 1027 1604 ἀνάσσει.
1057 1542 1188 1626 Ulysses
1202 1540 1235 1604 in

139 1639 270 1726 Necyla‚
293 1640 412 1704 Achilli
433 1641 477 1705 alt
499 1664 528 1704 v,
543 1643 618 1722 481.
640 1648 705 1705 σεῖο
726 1641 761 1719 δ’,
781 1641 935 1725 Ἀχιλλεῦ,
959 1644 1048 1709 Ούτις
1070 1643 1143 1724 ἀνὴρ
1162 1669 1236 1725 προ-

138 1737 262 1822 πάροιθε
276 1740 469 1824 μακάρτατος,
487 1742 546 1807 οὕτ’
563 1743 607 1825 ἄρ’
624 1745 752 1816 ὀπίσσω,
769 1746 848 1824 Πρὶν
861 1746 917 1824 μὲν
932 1743 990 1826 γάρ
1012 1771 1048 1808 σε
1070 1746 1144 1820 ζωὸν
1159 1747 1236 1808 έτίο-

138 1868 195 1921 μεν
215 1843 270 1907 ἴσα
292 1849 408 1908 θεοῖσιν
432 1843 572 1925 Ἀργεῖοι*
597 1850 650 1907 νῦν
676 1843 700 1907 δ’
728 1846 797 1908 αύτε
822 1845 900 1927 μέγα
923 1846 1053 1926 κρατέεις
1079 1849 1236 1911 νεκύεσσιν

138 1942 255 2009 Ἐνθάδ’
280 1945 364 2010 έθν.”
390 1948 601 2011 Banucruus.
633 1948 722 2010 Vere.
761 1946 813 2009 Sic
835 1947 865 2008 in
890 1946 1033 2034 Choeph.
1056 1965 1132 2032 354.
1148 1951 1236 2034 Aga.

138 2069 283 2112 memnon
313 2048 427 2112 dicitur
457 2053 530 2113 κατδ
558 2049 667 2131 χθονδς
696 2048 853 2129 ἐμπρέπων
882 2051 1062 2127 Σεμνότιμος
1090 2048 1234 2131 ἀνάκτωρ,

139 2153 299 2231 Πρύπολύς
313 2177 345 2214 τε
360 2157 419 2214 τῶν
432 2151 583 2233 μεγίστων
597 2152 734 2214 Χθονίαν
749 2152 812 2213 ἐκεῖ
823 2148 982 2231 τυράννων.
1018 2151 1163 2218 Βασιλεὺς
1177 2155 1235 2234 γὰρ

138 2252 173 2331 ἧς
187 2253 255 2335 ὄφρ’
272 2254 347 2333 έζης.
383 2253 496 2339 Eurip.
514 2251 640 2316 Hecub.
653 2271 728 2337 549.
745 2254 778 2315 έν
794 2257 925 2332 νεκροῖσι
936 2254 993 2332 γὰρ
1010 2253 1113 2330 Δούλη
1129 2236 1234 2332 κειίλῆ-

139 2361 219 2433 σθαι,
245 2357 370 2436 βασιλὶς
395 2355 458 2420 ούσ’
484 2357 673 2438 αἰσχύνομαι.
719 2354 786 2417 Nec
809 2353 898 2417 aliter
921 2353 1079 2439 Virgilius,
1107 2376 1182 2417 num
1207 2365 1239 2419 ta

137 2465 342 2543 acceperant
370 2457 514 2520 Tartaru
540 2477 655 2541 regem,
680 2456 748 2518 Nec
774 2457 830 2519 titt
852 2455 1012 2541 regnandi
1039 2456 1145 2518 veniat
1170 2464 1241 2519 tom.

138 2557 212 2620 dira
234 2559 358 2644 cupido.
406 2560 499 2622 Hauc
524 2558 680 2621 notionem
710 2556 808 2620 facete
836 2555 984 2643 pervertit
1009 2554 1236 2642 Aristophanes

140 2660 221 2722 Rau.
244 2678 318 2744 773.
341 2661 514 2724 BLOMF.
554 2661 587 2723 έν
611 2661 812 2725 δυναστεύσας
837 2657 958 2721 divisim
985 2657 1060 2721 Ald.
1088 2660 1126 2725 ὣς
1149 2665 1236 2725 δυνα-

139 2763 267 2828 στεύσας
282 2764 345 2844 (γρ.
362 2765 610 2845 ἐνδυναστεύσας)
627 2763 665 2825 Β.

182 2864 257 2945 692.
273 2864 348 2947 ἥκω]
365 2890 412 2945 γρ.
427 2865 523 2944 ἦλθον
539 2866 579 2927 Β.
1244 2919 1247 2923 .

181 2964 296 3048 τάχννα
317 2966 357 3050 δ’]
382 2967 485 3050 τάχυν’
502 2967 651 3031 Cantabr.
674 2966 803 3053 primus.
825 2954 936 3051 τάχυνὲ
957 2965 980 3030 δ’
999 2968 1048 3031 Μ.
1094 2968 1236 3033 Scriben-

138 3064 214 3129 durn
237 3066 348 3150 τάχυνε
371 3066 395 3132 δ’
418 3091 489 3131 cum
511 3069 643 3134 Kuhnio
661 3069 701 3133 ad
727 3070 847 3135 Polluc.
868 3086 898 3152 7,
919 3090 971 3150 24.
995 3070 1138 3157 Choeph.
1160 3075 1234 3137 660.

138 3168 328 3253 comparavit
344 3170 559 3249 Blomfieldus‚
574 3173 684 3254 τάχυνε
698 3171 733 3244 δ’,
750 3174 789 3238 ὡς
804 3174 852 3234 καὶ
867 3172 970 3237 νυκτὸς
985 3170 1049 3252 ἃρμ’
1066 3174 1225 3254 ἐπείγεται.

181 3273 256 3356 693.
279 3273 311 3334 τι’
330 3270 353 3336 δ’
370 3274 449 3357 ἐστὶ]
476 3273 682 3336 Scribendum
705 3275 736 3334 τί
754 3273 819 3336 ἔστι
832 3295 870 3335 ex
888 3273 937 3335 M.
954 3273 1061 3356 Mosq.
1078 3274 1140 3338 Ox.
1157 3274 1234 3338 Ald.

139 3372 222 3437 Roh.

182 3477 579 3562 694-696=7o1-702.

182 3581 255 3663 694.
278 3579 310 3642 in
326 3579 407 3644 duos
421 3604 529 3645 versus
551 3579 686 3665 aequales
701 3578 806 3643 divisit
821 3577 899 3642 Ald.
923 3578 1059 3666 Stropha
1081 3602 1119 3642 ex
1143 3594 1235 3643 tetra·

137 3695 238 3745 metro
254 3682 362 3746 lonico
376 3698 407 3747 et
421 3706 512 3746 versu
529 3680 715 3769 paroemiaco
728 3680 906 3767 composita.

181 3786 254 3868 695.
271 3787 357 3849 ἀντία
371 3786 457 3864 λέξαι
471 3787 574 3872 σέθεν]
603 3787 764 3847 Homerus
779 3783 840 3848 Od.
857 3789 895 3860 Ο,
911 3786 986 3869 376.
1003 3784 1044 3848 ab
1060 3783 1235 3848 Abreschio

136 3901 344 3972 comparatus,
360 3889 446 3952 ἀντία
468 3890 625 3966 δεσποίνης
646 3885 770 3968 φάσθαι.
810 3889 942 3950 Comma
964 3908 1024 3949 non
1047 3902 1117 3973 post
1133 3886 1234 3967 σέθεν,

137 3988 191 4052 sed
207 4005 277 4076 post
290 3990 376 4068 λέξοι
392 3991 495 4076 posuit
512 3988 716 4054 Blomlieldus
731 3987 920 4052 dubitanter.

179 4092 254 4174 696.
269 4092 336 4172 περὶ
351 4092 470 4178 τάρβει]
487 4097 662 4172 περιταρβεῐ
673 4089 750 4154 Ald.
774 4092 841 4171 περὶ
855 4113 917 4154 om.
933 4092 970 4154 C.
987 4092 1091 4153 Turn.

179 4195 254 4275 697.
270 4193 378 4276 ἦλθον]
395 4195 455 4271 ἥκω
469 4193 589 4278 aliquot
604 4192 696 4256 codtl.

179 4295 252 4380 698.
278 4293 460 4379 μακεστῆρα]
486 4293 690 4358 Scribendum
713 4299 878 4376 μακιστῆρα
903 4316 941 4356 ex
965 4295 1014 4357 M.
1037 4308 1068 4358 et
1090 4294 1232 4360 Parisino

137 4427 209 4468 uno.
242 4393 405 4487 ioxtorhpa
422 4405 524 4471 Viteb.
541 4414 563 4446 “
574 4408 686 4495 Suppl.
700 4411 777 4488 466.
799 4408 912 4487 ἥκουσα
928 4406 1093 4488 μακιστῆρα
1115 4410 1233 4488 καρδίας

638 4534 657 4572 ο
672 4530 726 4575 02
