2978 5062
597 356 665 419 AD
689 356 877 420 PERSAS.
1222 355 1287 418 285

193 524 297 613 plures
318 526 442 608 πρέσβα
456 549 528 591 eum
548 527 632 590 Rob.
669 530 784 611 Agam.
801 527 840 610 85
843 541 875 611 5.
891 528 997 606 ἄνδρες
1010 530 1140 600 πολῖται,
1156 524 1292 607 πρέσβος

191 627 337 711 Ἀργείων
352 632 430 694 τόδε.
465 631 567 699 Quem
584 630 685 694 locum
701 631 894 716 comparavit
910 628 1096 715 Stephanus.

235 734 308 810 624.
325 732 404 795 Post
418 736 472 814 γῆς
486 748 622 819 ponatur
637 755 767 797 comma.

235 832 308 917 625.
325 833 363 918 δ’]
379 833 405 896 θ’
423 835 461 896 Β.
475 835 583 898 Guelf.
600 851 681 899 recte
696 835 836 898 sortasse.

235 937 308 1017 627.
332 937 418 1018 γαίας
442 937 550 1024 Steplt.
566 953 597 1000 et
613 959 685 1022 pars
699 936 852 1012 codicum,
868 934 950 998 inter
963 957 1043 1020 quos
1064 935 1114 998 M.
1130 934 1185 1019 qui
1201 960 1290 998 κοτα-

192 1037 278 1117 γαίος
293 1038 494 1123 conjunctim.
520 1046 611 1121 γαῖαν
626 1040 752 1101 A.B.C.
767 1037 881 1124 aliique
896 1051 928 1100 et
942 1036 1020 1100 Ald.
1037 1037 1121 1100 Rob.
1138 1038 1243 1102 Turn.

235 1140 308 1202 628.
325 1141 418 1225 ἀλλὰ]
434 1142 502 1203 ἀλλ’
518 1138 541 1202 ὦ
558 1139 772 1203 Blomlieldus.
797 1140 836 1203 In
853 1139 1106 1226 interpretatione
1120 1139 1292 1202 scholiastae

192 1254 238 1304 est
253 1240 322 1306 ἀλλ’
339 1240 362 1304 ὦ
376 1245 493 1324 χθόνιοι
508 1244 580 1305 θεοί.

235 1344 308 1425 629.
324 1341 348 1405 τ’
366 1343 487 1428 ἐνέρων]
503 1342 527 1405 τ’
546 1342 707 1424 ἐνερτέρων
722 1342 771 1407 vel
786 1369 819 1408 τε
835 1343 980 1426 νερτέρων
994 1341 1114 1428 aliquot
1129 1341 1209 1405 libri.

237 1444 310 1528 630.
326 1445 459 1529 ἔνερθεν]
477 1445 579 1525 ἔνερθε
595 1446 686 1507 ΒΜ.

235 1547 340 1629 ψυχὴν
356 1548 492 1610 A.B.M.
509 1546 633 1632 aliique.
658 1551 763 1631 ψυχὰν
779 1548 885 1636 vulgo

236 1653 300 1728 φῶς
316 1649 365 1713 Μ.
382 1648 497 1734 aliique
511 1648 662 1712 nonnulli.
687 1648 765 1732 φάος
780 1651 885 1736 vulgo.

235 1750 308 1833 631.
325 1751 399 1833 άχος
414 1751 544 1813 Porsoni
556 1749 653 1814 editio
667 1775 705 1814 ex
718 1752 896 1838 conjectura
909 1752 1040 1815 Pauwii.
1064 1752 1291 1816 Revooandum

193 1852 278 1937 quod
294 1853 324 1915 in
341 1852 428 1917 libris
442 1869 489 1917 eat
504 1857 582 1921 ἄκος.
622 1853 802 1932 Scholiasta,
818 1856 844 1916 εί
858 1851 916 1935 γάρ
937 1879 965 1915 τι
983 1855 1052 1918 ἄκος
1071 1859 1129 1916 τῶν
1143 1854 1294 1934 ἡμετέρων

193 1960 290 2018 κακῶν
310 1953 407 2018 πλέον
429 1956 477 2019 καὶ
501 1955 638 2019 ἐπέκεινα
661 1956 752 2029 οἶδεν,
778 1956 871 2036 ἤγουν
898 1958 1019 2032 νικῆσαν
1043 1956 1079 2016 τὰ
1101 1955 1183 2032 ἡμῶν
1206 1959 1291 2029 auxo,

191 2058 282 2135 μόνος
304 2056 342 2120 ἂν
361 2057 447 2123 οὗτος
468 2056 526 2119 ἀπὸ
549 2062 607 2120 τῶν
624 2058 787 2138 ἀνθρώπων
810 2060 887 2120 είποι
905 2057 939 2120 τὸ
959 2056 1051 2137 πέρας
1071 2057 1199 2122 καὶπῶς
1219 2058 1293 2121 αὐτὰ

192 2159 241 2222 καὶ
254 2160 327 2223 πότε
343 2159 390 2222 καὶ
405 2161 462 2222 τίνι
477 2161 574 2243 τρόπῳ
590 2161 774 2240 έκφύγωμεν.

234 2260 338 2345 πέρας]
361 2260 473 2342 πέρσας
495 2275 557 2324 tres
579 2259 708 2324 oodices.
742 2259 867 2340 πέρσαις
891 2261 935 2323 A.
960 2256 1075 2343 aliique
1096 2256 1237 2321 nonnulli
1260 2269 1293 2322 et

195 2360 270 2425 Ald.
285 2362 371 2449 quod
388 2361 632 2448 superscriptum
649 2361 679 2424 in
697 2364 735 2425 B.

238 2466 327 2551 είποι]
344 2469 410 2553 εἴπῃ
424 2467 488 2530 duo
502 2464 593 2528 oodd.
608 2480 639 2528 et
654 2464 732 2528 Ald.

237 2569 634 2653 633—639=640-646.

236 2673 309 2755 633.
323 2672 393 2756 μου]
408 2697 458 2751 μοι
474 2672 568 2735 L.M.

237 2776 309 2857 634.
326 2776 398 2857 635.
415 2772 446 2836 in
465 2795 561 2835 unum
579 2795 700 2835 versum
718 2770 881 2857 conjungit
896 2768 974 2833 ΑίιΙ.

237 2876 310 2959 635.
333 2875 508 2952 παναίολος,
521 2895 675 2960 perquam
700 2877 855 2937 variatus.
878 2872 898 2935 i.
914 2897 941 2936 e.
957 2893 1045 2936 omne
1059 2873 1293 2937 lamentationis

188 2995 294 3060 ἔσται
316 2976 524 3062 complectens.
560 2976 700 3062 Hesyoh.
717 2978 898 3049 Πανοίολος,
919 2977 1124 3055 παμποίκιλος.
1160 2977 1292 3040 Homer.

194 3075 285 3140 Iliad.
301 3081 338 3153 K,
351 3091 402 3157 77.
419 3079 488 3157 Πὰρ
503 3079 536 3139 δὲ
552 3077 664 3159 ζωστὴρ
679 3083 756 3141 κεῖτο
772 3079 943 3144 παναίολος.
967 3078 1140 3141 BLOMF.

237 3180 310 3264 636.
324 3177 478 3263 βάγματα]
494 3177 637 3258 βάσματα
653 3180 759 3264 Mosq.
776 3178 859 3241 Rob.

237 3281 309 3365 638.
325 3278 505 3364 παντάλαν’]
527 3277 704 3343 παντάλανα
718 3281 743 3341 τ’
759 3279 843 3342 Rob.
873 3277 1050 3342 παντάλαιν’
1065 3277 1185 3363 aliquot
1200 3279 1292 3343 codd.

196 3398 227 3448 et
242 3382 319 3446 Ald.

236 3481 391 3564 διαβοάσω
406 3507 467 3547 om.
485 3482 568 3548 Rob.
602 3485 709 3562 διαβὰς
724 3485 831 3566 Mosq.
867 3487 887 3518 “
900 3478 1054 3559 διαβοάσω
1069 3502 1130 3543 non
1147 3483 1291 3544 futurum

193 3603 250 3664 est,
274 3586 360 3673 quod
382 3587 534 3666 βοήσομαι
556 3585 682 3661 dicitur,
704 3584 758 3647 sed
782 3581 1001 3669 subjunctivus
1020 3582 1135 3659 antisti,
1158 3582 1294 3667 ideoque

193 3687 375 3752 addendum
413 3688 535 3774 signum
573 3686 796 3772 interrogandi.
844 3686 894 3749 Sic
932 3685 1045 3772 Eurip.
1076 3685 1164 3749 Med.
1199 3703 1291 3765 1272.

193 3788 332 3871 παρέλθω
370 3792 493 3870 δόμοος;
534 3788 587 3854 ubi
624 3812 654 3852 v.
692 3801 799 3854 annot.
836 3789 1071 3875 interpretum.''
1109 3789 1295 3852 WORDS-

195 3891 388 3955 WORTH.
404 3913 435 3976 p.
454 3909 526 3975 233.

237 3998 310 4079 639.
326 3995 395 4079 ἆρα]
411 3998 468 4076 ἄρα
484 3994 560 4057 Ald.
578 3992 661 4056 ltob.

237 4100 309 4177 640.
325 4123 376 4177 μοι
390 4121 450 4160 oin.
467 4096 551 4160 Rob.

236 4202 367 4283 χθονίων
392 4199 495 4262 versui
520 4198 663 4286 proximu
686 4195 775 4260 addit
799 4195 889 4272 All,
913 4194 1026 4258 omisso
1049 4194 1205 4276 ἅγέμονες,
1228 4216 1295 4278 quo

193 4300 284 4364 etiam
302 4302 430 4365 Baroco.
446 4315 541 4364 caret.

237 4404 310 4484 642.
332 4407 468 4485 μεγαυχῆ
491 4405 533 4465 A.
564 4405 741 4485 μεγαλοοχῆ
763 4397 870 4484 vulgo,
884 4396 1095 4463 consentiente
1118 4397 1168 4460 M.
1201 4422 1295 4477 μεγα-

193 4508 292 4586 λαρχῆ
305 4503 425 4590 aliquot
440 4503 572 4583 oodicea
586 4503 671 4590 quod
687 4501 880 4587 adscriptum
897 4498 928 4562 in
944 4501 987 4563 A.
