2978 5062
304 363 373 427 AD
398 363 590 428 SEPTEM
613 365 862 430 ADVERSUS
886 366 1090 432 THEBAS.
1185 369 1250 434 213

148 535 195 591 est
208 527 293 591 torvi
307 528 463 591 Ρυυιιοκ
478 528 587 613 cymba
601 529 696 593 senis.
721 529 896 594 BLOMF.
931 530 1112 596 Delendum
1127 554 1249 598 commo

148 641 220 715 post
232 626 391 704 πάνδοκον,
406 629 494 716 quod
508 652 528 693 ο
541 629 760 716 ptaepositione
781 633 823 697 εἰς
843 632 958 717 pendet
977 633 1120 718 proximo
1141 634 1249 700 addita

147 730 312 818 adjectivo.
355 732 410 797 Ad
425 731 512 795 huno
526 734 628 795 locum
644 732 806 796 referenda
820 732 1013 799 hauddubie
1025 734 1130 821 glossa
1144 739 1249 824 Hesy-

149 832 221 911 chii,
235 837 266 902 ἐς
279 832 429 900 πάνδοκον
446 833 559 918 (oodex
576 834 797 919 έσπανδοκόν)ι
822 839 865 904 εἰς
879 837 932 902 τὸν
945 835 1059 907 πάντας
1074 838 1247 922 δεχόμενον.

135 981 136 985 ,
151 935 213 1015 Qui
228 937 282 1016 τὴν
294 937 401 1025 potius
415 936 548 1002 scribere
561 936 706 1002 debebat.

193 1039 266 1118 864.
287 1040 487 1118 βαθύκολπον,
503 1041 716 1126 Profundum,
729 1039 751 1104 i.
765 1064 793 1105 e.
808 1040 977 1105 demissum
996 1041 1113 1107 Ιιαδοιικ
1130 1045 1248 1107 sinum.

151 1140 285 1228 Angiice
301 1143 553 1228 Long-toaistcd.
599 1142 671 1207 Vox
686 1140 866 1221 Homerica,
883 1141 975 1206 Iliad.
991 1149 1026 1207 Σ.
1040 1162 1111 1210 122.
1128 1150 1248 1225 Δαρδα·

151 1246 240 1309 νέδων
263 1242 475 1324 βαθυκόλπων.
521 1244 643 1309 Eadem
664 1244 730 1309 fere
755 1267 791 1309 ac
812 1246 984 1326 βαθύζωνος
1008 1244 1100 1309 Iliad.
1124 1253 1149 1311 1.
1172 1266 1248 1330 590.

151 1346 292 1433 Hesych.
314 1344 529 1412 Βαθυκόλπονν.
554 1345 697 1429 ἡρωΐδων,
717 1347 777 1411 ὰπὸ
799 1352 851 1411 τοῦ
872 1346 1025 1430 μεγέθους.
1050 1349 1098 1413 καὶ
1117 1349 1250 1428 βαθυζώ-

151 1474 220 1514 νων.
264 1448 381 1513 Noster
396 1451 482 1514 Pers.
499 1469 512 1512 1
515 1466 536 1534 5
538 1470 570 1534 5.
589 1447 635 1513 Ὠ
654 1451 834 1530 βαθυζώνων
853 1451 975 1514 ἄνασσα
990 1453 1149 1531 Περσίδων
1162 1453 1250 1533 ὕπερ-

150 1547 233 1631 roim.
263 1550 319 1615 ubi
348 1551 442 1617 schol.
472 1553 745 1632 βαθύζωνοι-δια
772 1551 807 1615 τὸ
835 1555 1010 1634 κροσσωτᾶς
1034 1553 1127 1627 ζώνας
1155 1554 1248 1637 ἐχειν.

151 1652 295 1739 Choeph.
322 1655 393 1735 167.
422 1655 595 1733 βαθυζώνου
626 1652 723 1735 κόρης.
754 1653 937 1740 Etymolog.
963 1655 1015 1717 M.
1041 1677 1074 1741 p.
1096 1655 1170 1740 185,
1192 1674 1247 1737 42.

151 1753 373 1831 Βαθυκόλπους,
388 1756 514 1822 ἀπὸτοῦ
529 1760 562 1822 ἐκ
579 1761 630 1836 τῆς
647 1757 761 1835 (occos
779 1758 981 1836 κολπιόματος.
1006 1755 1135 1822 Pindar.
1151 1758 1249 1845 Pyth.

152 1858 182 1920 1.
197 1873 249 1943 25.
271 1856 472 1940 βαθυκόλπων
486 1862 619 1923 Μοισᾶν.
664 1857 763 1923 Plura
783 1857 873 1922 dabit
889 1858 1020 1924 Aiberti.
1042 1859 1083 1923 ad
1106 1860 1249 1949 Hesych.

150 1958 182 2023 in
198 1982 248 2025 vv.
292 1959 383 2023 Idem
398 1959 465 2025 fere
478 1975 524 2025 est
538 1961 742 2039 βαθύπεπλος.
767 1961 942 2025 BLOMF.

195 2061 269 2144 867.
292 2062 484 2139 δυσκέλαδος,
506 2062 693 2147 lofin-stum
714 2084 840 2127 οοιιιιιιο.
872 2064 1038 2144 δύσφονος.
1063 2063 1153 2128 κακὸν
1173 2064 1251 2147 ἦχον

152 2164 318 2243 ἀποτελῶν,
341 2164 482 2252 Hesych.
519 2164 633 2251 Eurip.
655 2164 745 2230 Med.
762 2185 837 2250 419.
859 2179 891 2229 et
912 2163 1067 2228 simillimo
1088 2164 1157 2229 loco
1180 2167 1249 2232 Ion.

154 2284 249 2349 1090.
271 2265 630 2332 δυσκελάδοισι-ἇεέδεθ
652 2269 763 2347 ὕμνοις.
784 2265 861 2331 ibid.
877 2266 969 2351 1098.
993 2269 1251 2334 Μοῦσα-δυσκέ-

151 2371 254 2435 λαδος.
269 2369 402 2432 Homer.
418 2367 511 2433 Iliod.
526 2375 566 2433 Π.
582 2389 601 2454 3
604 2371 657 2454 56.
673 2371 785 2448 φόβοιο
801 2367 1004 2433 Δυσκελόδον.
1049 2367 1130 2433 Vide
1144 2385 1249 2435 sutem

154 2468 368 2559 spanhem-in
385 2467 508 2534 callim.
524 2493 557 2557 p.
575 2471 625 2536 28.
639 2469 695 2556 qui
710 2484 798 2535 notat
812 2469 941 2534 deorum
961 2469 1134 2535 inferorum
1155 2470 1247 2558 hym-

153 2594 210 2635 nos
223 2593 384 2636 occurrere
400 2572 487 2635 Pers.
503 2572 577 2650 624.
621 2568 716 2632 Adde
733 2569 876 2656 Choeph.
891 2588 967 2652 472.
983 2572 1146 2652 αἱματηρόν
1161 2576 1251 2637 Θεῶν

155 2677 229 2738 κατὰ
241 2678 298 2755 γᾶς
311 2671 354 2737 ὅδ’
368 2674 468 2753 ὕμνος.
491 2673 665 2737 BLOMF.

194 2774 329 2857 Ἐρινύος
344 2775 393 2838 Μ.
414 2777 568 2856 Ἐριννύος
582 2776 688 2862 vulgo.

197 2879 270 2942 868.
299 2878 412 2962 ἰαχεῖν]
441 2876 648 2942 Scribendum
677 2879 765 2961 ἆχεῖν
789 2901 861 2943 cum
889 2877 1041 2944 Elmsleio
1068 2879 1110 2943 ad
1136 2879 1249 2968 Eurip.

154 2979 279 3046 Heracl.
296 3002 327 3042 v.
344 2995 417 3064 752.

191 3081 293 3167 Ἀιδᾳ]
325 3081 526 3146 Scribebatur
549 3081 654 3168 Ἀΐδαι
689 3085 728 3148 de
751 3105 817 3169 quo
840 3082 907 3146 dixi
928 3082 969 3146 ad
998 3084 1157 3149 Prometh.
1180 3102 1249 3171 152.

153 3189 239 3270 ἠχεῖν
248 3184 336 3264 Ἀιδρ
351 3183 460 3248 maluit
476 3184 653 3249 Eimsleius.
687 3185 872 3250 Genitivum
882 3183 973 3249 Ἀιδο
988 3185 1035 3248 vel
1047 3184 1153 3251 Ἀιδου
1168 3210 1250 3273 prae·

154 3289 214 3354 fert
228 3286 442 3352 Blomfieldus.

199 3392 271 3477 869.
286 3387 385 3454 παιᾶν’
402 3389 592 3477 ἐπιμέλπειν]
606 3387 748 3474 Choeph.
765 3388 835 3467 148.
851 3386 945 3467 Ὓμᾶς
959 3390 992 3452 δὲ
1009 3396 1147 3456 κωκυτοῖς
1162 3392 1252 3454 ἐπαν-

156 3495 245 3569 θίζειν
259 3493 347 3572 νόμος
361 3494 483 3556 Παιᾶνα
503 3495 555 3554 τοῦ
577 3490 722 3556 θανόντος
744 3488 953 3569 ἐξαυδωμένας.
999 3488 1067 3554 Ubi
1089 3489 1183 3554 schol.
1206 3493 1252 3556 ότι

156 3596 204 3660 ἐπὶ
217 3596 420 3660 ἀποθανόντος
433 3596 546 3657 παιᾶνα
561 3591 626 3657 εἶπε
642 3596 744 3664 κακῶς,
761 3591 810 3655 καὶ
824 3590 991 3671 Εὐριπίδης·
1010 3590 1144 3676 (Alcest.
1157 3595 1250 3677 424.)

155 3701 276 3762 Παιᾶνα
296 3697 337 3781 τῷ
355 3695 486 3761 κάτωθεν
505 3695 646 3779 ἀσπόνδφ
668 3695 737 3779 θεῷ.
782 3692 850 3758 Ubi
872 3691 943 3780 lego
963 3698 1075 3760 παιᾶνα
1096 3693 1189 3770 εἶπεν,
1212 3695 1252 3764 ὣς

155 3801 204 3864 καὶ
228 3800 300 3882 Εύρ.
345 3796 594 3862 Confunduntur
621 3795 719 3882 igitur
745 3798 839 3860 παιδν
866 3810 899 3860 et
928 3800 1045 3878 θρῆνος,
1068 3797 1150 3861 inter
1172 3819 1252 3882 quos

155 3915 258 3967 tamen
273 3898 439 3987 distinguit
454 3900 569 3964 Noster
582 3897 726 3984 Choeph.
741 3918 818 3983 340.
838 3896 923 3963 Ἀντὶ
944 3902 976 3965 δὲ
997 3899 1113 3981 θρήνων
1131 3901 1250 3980 ἐπιιυμ·

152 4005 258 4084 βιδέων
273 4006 374 4069 Παιὰν
386 4001 545 4084 μελάθροις
559 4003 593 4066 ἐν
606 4001 786 4082 βασιλείοις.
830 3999 960 4087 Adjecit
978 4000 1076 4087 igitur
1090 4000 1251 4088 epitheton

154 4106 272 4190 ἐχθρόν.
297 4105 472 4170 BLOMF.

198 4209 271 4291 870.
309 4208 344 4273 θδ
375 4222 465 4270 extra
492 4216 627 4270 metrum
657 4217 713 4281 est,
744 4220 780 4268 ut
808 4203 840 4267 in
870 4216 1036 4291 systemate
1065 4205 1252 4291 anapaestioo

155 4311 243 4374 Pers.
260 4329 336 4395 909.

198 4413 271 4494 871.
281 4413 416 4494 στρόφον
425 4413 549 4492 ἐσθῆσιν
556 4408 808 4496 περιβάλλονται]
819 4411 960 4492 στρόφος,
969 4432 1059 4475 zona.
1071 4436 1255 4492 συνεστραμ-

152 4514 244 4595 μένοι
255 4519 364 4598 λόρος.
380 4513 521 4601 Hesych.
549 4514 686 4596 σχοινίον
701 4510 916 4594 ἐστραμμένον,
925 4513 991 4595 ἤτοι
1006 4511 1186 4595 motioni
1205 4515 1256 4580 nat
