2978 5062
548 373 819 437 PRAEFA'I'IO.
1210 377 1230 435 5

137 541 165 610 Ι.
185 541 226 611 Ε.
243 562 276 631 5.
301 542 507 612 chartaceus
532 541 641 632 seculi
665 566 715 626 14
759 539 816 610 De
833 542 987 632 quinque
1005 564 1091 631 quae
1116 541 1229 611 codex

135 655 385 747 complectitur
430 655 557 726 fabulis
599 654 906 749 Agamemnonem
948 679 1030 724 cum
1074 656 1230 726 editione

136 769 339 842 Blomfieldi
368 770 521 840 contulit
552 769 741 840 Elmsleius
767 777 1042 860 excerptamque
1069 769 1229 841 lectionis

136 884 376 953 diversitatem
401 883 514 953 edidit
536 883 573 951 in
599 882 730 954 Museo
756 884 879 953 critico
901 884 1066 954 Cantabr.
1093 885 1175 955 fase.
1199 905 1229 973 7.

137 1020 171 1089 p.
187 1018 264 1087 457.
280 996 457 1090 praemissa
472 997 688 1068 accuratiore
702 998 831 1067 codicis
848 997 1081 1089 descriptione
1097 999 1183 1069 hac:

185 1111 372 1181 “Primam
397 1111 502 1203 hujus
526 1111 656 1181 codicis
682 1113 901 1181 mentionem
926 1113 1039 1205 reperi
1064 1112 1158 1204 apud
1187 1112 1228 1184 P.

138 1227 339 1298 Victorium
363 1226 401 1295 in
425 1226 557 1318 praefat.
583 1227 628 1296 ad
658 1225 862 1318 AEschylum
891 1227 945 1295 his
971 1226 1086 1296 verbis
1113 1229 1230 1317 ‘quod

139 1363 221 1410 vero
237 1342 281 1411 ad
298 1339 606 1434 Agamemnonem
632 1340 797 1432 pertinet,
813 1364 859 1410 ne
876 1341 1064 1431 quicquam
1089 1342 1231 1411 omitte-

137 1477 255 1525 remus
272 1455 366 1546 quod
383 1455 428 1525 ad
445 1455 521 1546 ejus
546 1455 806 1525 restitutionem
824 1455 966 1535 faceret,
984 1477 1094 1544 quum
1116 1456 1231 1526 audis·

137 1591 255 1639 semus
295 1569 418 1640 Romae
459 1569 496 1638 in
536 1568 751 1639 bibliotheca
783 1568 980 1638 Alexandri
1014 1568 1231 1640 Famesii-

137 1684 293 1778 AEschyli
311 1684 477 1753 volumen
493 1684 653 1766 inveniri,
671 1683 709 1753 in
725 1708 795 1776 quo
812 1684 887 1754 haec
905 1683 1024 1754 fabula
1043 1683 1230 1777 legeretur,

137 1799 386 1869 conferendam
411 1820 500 1880 eam,
522 1819 544 1867 a
568 1796 669 1867 nobis
686 1800 907 1892 descriptam
925 1800 1123 1870 curavimus
1148 1823 1230 1869 cum

136 1937 180 1983 eo
196 1913 400 2006 exemplari.
452 1912 582 2003 Inque
599 1914 700 1985 nobis
717 1940 859 2009 operam
884 1939 984 1987 suam
1009 1916 1152 1987 fidelem
1177 1927 1231 1987 at-

138 2052 206 2119 que
232 2029 408 2100 eruditam
433 2029 583 2120 praebuit
612 2028 813 2101 Gulielmus
840 2030 1001 2122 Sirletus,
1031 2040 1072 2101 ut
1102 2040 1232 2101 cuncta

138 2143 326 2236 diligenter
340 2150 481 2213 notaret
498 2166 575 2233 quae
591 2142 695 2214 aliter
710 2145 782 2216 illic
802 2146 1013 2240 legerentur.
1066 2145 1145 2217 Nos
1169 2168 1231 2216 au·

138 2266 213 2328 tem
242 2265 366 2351 postea
393 2257 622 2328 varietatibus
648 2259 718 2330 illis
747 2261 935 2354 diligenter
964 2262 1164 2353 ponderatis
1194 2263 1231 2331 in

138 2396 216 2444 eam
233 2373 435 2465 opinionem
453 2373 613 2442 venimus
638 2380 680 2442 ut
704 2384 863 2444 nostmm
888 2374 1017 2443 librum
1040 2397 1112 2444 non
1133 2375 1232 2445 dete-

137 2489 264 2557 riorem
281 2487 343 2558 illo
360 2496 583 2581 putaremus:
609 2510 651 2559 ae
671 2510 836 2581 magnam
859 2495 996 2579 partem
1014 2510 1135 2558 eorum
1154 2512 1231 2579 quae

138 2603 270 2675 varista
290 2603 329 2673 in
352 2626 396 2673 eo
412 2603 648 2685 offenduntur,
665 2605 890 2674 immutatam
914 2601 1094 2693 abaliquo
1111 2604 1232 2674 crede-

138 2739 265 2800 remus,
294 2718 355 2807 qui
388 2719 425 2787 in
455 2741 535 2790 suos
562 2719 731 2810 quosdam
765 2738 885 2787 versus
912 2717 1098 2787 restituere
1132 2717 1231 2788 chori

137 2841 261 2903 cantus
289 2832 450 2903 voluerit.
489 2856 581 2927 sape
614 2834 710 2905 enim
743 2833 865 2902 addita
891 2840 955 2901 aut
984 2831 1129 2924 dempta
1157 2831 1230 2902 illic

138 2947 297 3036 quoedam
314 2948 552 3039 cognovimus,
569 2972 646 3039 quae
670 2945 856 3018 consilium
880 2946 989 3038 ipsius
1004 2947 1232 3037 adjuvarent?

139 3059 324 3131 Hactenus
358 3061 551 3132 Victorius.
604 3061 738 3142 Codex,
772 3060 817 3130 de
850 3082 920 3150 quo
954 3059 1119 3149 loquitur,
1149 3084 1231 3130 cum

139 3173 273 3266 reliqua
290 3172 535 3242 Famesiomm
560 3173 701 3244 libraria
720 3171 940 3264 supellectile
965 3195 1059 3242 nunc
1077 3172 1232 3266 Neapoli

138 3295 256 3358 exstat
276 3288 314 3356 in
335 3287 449 3380 Regio
468 3286 608 3357 Museo.
662 3286 840 3358 Paschalis
862 3286 996 3357 Baffius
1021 3292 1113 3381 apud
1141 3288 1234 3360 Har-

139 3401 264 3473 lesinm
299 3400 413 3472 Novae
455 3400 687 3473 Bibliothecae
721 3401 853 3473 Graecae
880 3401 1093 3472 Fabricianae
1126 3403 1166 3472 Τ.
1200 3429 1233 3494 5.

137 3539 172 3608 p.
190 3523 265 3606 776.
282 3518 334 3587 ita
349 3539 433 3587 eum
450 3516 638 3588 describit:
663 3542 717 3609 33·
734 3513 897 3612 AEscllyli
913 3516 1091 3611 Προμηθεὺς
1116 3517 1234 3612 δεσμῶ-

137 3660 203 3716 της,
229 3629 307 3702 iuria
334 3625 382 3700 ἐπὶ
408 3628 533 3717 Θήβας,
559 3627 693 3725 Πέρσαι,
719 3627 928 3724 Ἀγαμέμνων,
953 3628 1130 3724 Εὖμενίδες,
1156 3658 1231 3706 oum

134 3742 258 3842 phasis
300 3743 587 3827 interlinearibua
630 3753 662 3815 et
702 3742 841 3816 scholiis
881 3747 1030 3843 margin.
1068 3750 1231 3842 antiquis,

141 3856 282 3932 ΠΜ
297 3858 477 3956 Mapsatri,
495 3867 527 3928 ei
542 3856 715 3931 Demetrii
735 3858 910 3932 Triclinii.
954 3860 1068 3950 Quum
1093 3859 1232 3933 scholiis

142 3970 309 4046 Triclinii
322 3970 406 4068 fere
424 3982 590 4067 perpetuo
613 3973 815 4071 proefiqatur
830 3974 972 4067 ἡμέτερα,
990 3983 1022 4045 et
1047 3974 1150 4045 initio
1165 3983 1232 4062 Δη-

137 4085 264 4183 μητρίου
292 4095 345 4158 τοῦ
373 4084 554 4182 Τρικλινῖου,
588 4089 695 4160 codea’
726 4086 783 4159 dic
811 4086 1028 4182 bombycinus
1054 4097 1113 4158 aui
1143 4087 1232 4161 adro'-

136 4213 255 4298 γραφος
271 4210 330 4284 est,
347 4211 408 4273 aut
431 4226 476 4274 er
491 4201 673 4301 αὖτογράφφ
689 4201 903 4297 descriptus:
930 4210 1018 4272 certe
1041 4203 1160 4276 sectili
1183 4215 1234 4277 cst

141 4341 190 4403 14
216 4315 264 4386 ad
276 4315 386 4409 finem
412 4318 588 4415 vergentis,
618 4341 685 4411 quo
710 4326 858 4412 tompore
886 4315 1079 4390 Triclinius
1093 4319 1231 4412 floruit.
