2978 5062
194 342 237 406 aa
552 343 930 407 AnuoTAmouus

192 509 329 585 δεικνύει,
344 507 431 593 quod
447 507 540 573 habet
556 509 600 586 D,
615 509 665 572 vel
685 515 746 577 τοῖς
766 509 859 590 πόρος
873 514 953 576 θεοῖς
967 512 1125 582 δείκνυσιν,
1141 508 1229 596 quod
1244 525 1290 573 est

192 609 224 672 in
241 609 374 674 Vindob.
389 625 503 696 quarto
516 625 548 675 et
562 609 641 674 Ald.
658 613 759 674 Turn.

235 712 360 796 αἰχμάν]
375 712 485 794 οίχμήν
500 713 548 775 Μ.
564 711 679 797 aliique
694 709 843 775 nonnulli.

235 813 310 893 408.
324 812 578 895 μεγαλοσχήμονά
591 810 633 899 τ’]
648 811 890 894 μεγαλοσχήμων
905 811 949 876 ἅτ’
967 812 1046 876 Ald.

234 935 311 1001 409.
335 915 476 979 στένουσι
499 916 548 978 Μ.
569 928 601 978 et
621 913 758 977 Vindob.
782 913 902 999 primus
925 927 957 978 et
976 913 1086 978 tertius
1108 936 1180 977 cum
1205 913 1290 978 Rob.

194 1016 299 1103 Vulgo
313 1015 474 1092 στένουσα,
489 1015 575 1100 quod
600 1014 715 1077 librarii
737 1028 910 1102 posuerunt
925 1037 986 1077 non
1009 1015 1291 1080 animadvertentes

192 1122 334 1201 πρόπασα
347 1121 431 1202 χόρα
445 1141 515 1183 cum
532 1117 645 1204 plurali
661 1117 862 1203 conjunctum
879 1139 945 1179 esse
959 1116 1110 1180 στένουσι.

234 1242 308 1301 410.
332 1220 565 1304 ξυνομαιμόνων]
582 1221 745 1282 Atlantem
767 1232 798 1281 et
821 1217 1009 1281 Meuoetium
1032 1217 1177 1304 intelligit
1199 1218 1288 1281 scho-

192 1323 295 1386 liastes
308 1322 476 1409 antiquior,
491 1320 652 1384 Atlantem
669 1333 698 1383 et
712 1318 895 1405 Typhoeum
911 1318 999 1382 alter.
1030 1321 1213 1405 Utrumque
1227 1318 1289 1382 dici

192 1439 303 1511 potest.
338 1422 523 1510 Apollodor.
549 1443 578 1499 1,
600 1441 629 1484 2.
650 1421 787 1484 Ἰαπετοῦ
811 1422 844 1483 δὲ
867 1422 917 1484 καὶ
940 1419 1047 1488 Ἀσίας
1070 1426 1121 1500 τῆς
1138 1419 1288 1484 Ὠκεανοῦ

187 1525 315 1603 Ἀτλας,
331 1525 364 1592 ὃς
385 1525 449 1607 ἔχει
468 1529 530 1589 ταῖς
545 1523 633 1602 ίίιμαις
654 1521 707 1585 τὸν
721 1523 858 1603 οὐρανόν·
883 1523 930 1586 καὶ
945 1523 1119 1604 Προμηθεὺς
1140 1524 1189 1586 καὶ
1204 1520 1289 1584 ‘Eut-

191 1628 300 1707 μηθεὺς
323 1629 371 1691 καὶ
398 1628 565 1701 Μενοίτιος,
592 1624 628 1687 δν
653 1624 840 1705 κεραυνώσας
865 1626 899 1687 ἒν
923 1629 959 1712 τῇ
983 1628 1188 1710 Τιτανομαχίη
1213 1624 1288 1692 Ζεὺς

192 1726 459 1809 κατεταρτάρωσεν.
506 1725 598 1803 Quod
627 1725 668 1788 ad
697 1723 881 1811 Typhoeum
907 1741 1035 1812 spectat,
1049 1728 1149 1812 filius
1173 1726 1288 1789 dicitur

196 1832 309 1894 Terrae
323 1852 351 1892 v.
367 1846 440 1913 351.
457 1843 493 1891 ut
505 1842 537 1891 et
551 1827 617 1913 ipse
632 1826 839 1890 Prometheus
853 1850 883 1889 v.
901 1846 973 1892 210.
999 1829 1168 1892 STANL.
1204 1833 1287 1906 ξυνο-

190 1933 333 2010 μαίμονες
354 1929 445 1994 nimis
466 1943 598 2015 anguste
612 1927 780 2014 exponitur
793 1930 834 1993 ab
851 1929 898 2008 iis,
912 1929 968 2014 qui
982 1929 1145 1994 Atlantem
1165 1944 1197 1993 et
1212 1930 1286 1992 Me·

192 2031 321 2095 noetiuni
337 2031 449 2096 fratres
464 2030 654 2109 Promethei,
668 2042 724 2094 aut
739 2028 901 2094 Atlantem
917 2044 949 2095 et
964 2031 1155 2117 Typhoeum
1175 2029 1288 2095 iutelli-

190 2151 282 2221 gunt.
313 2135 431 2198 Omnes
445 2133 526 2196 euim
544 2133 675 2196 Titanes
691 2132 748 2195 hoc
764 2131 916 2195 vocabulo
930 2131 1145 2218 designantur.
1170 2132 1271 2196 SCH.

232 2255 307 2320 413.
340 2242 422 2299 σοῖσι
450 2257 488 2298 ex
518 2232 638 2319 aliquot
663 2232 823 2297 codicibus
849 2235 1018 2297 Porsonus.
1059 2232 1285 2299 Revocandum

190 2336 275 2423 quod
299 2336 330 2400 in
353 2335 508 2422 plerisque
530 2349 576 2399 est
598 2341 674 2408 σοῖς,
697 2333 781 2398 etin
803 2356 901 2397 unum
924 2356 1046 2397 versum
1068 2334 1288 2421 conjungenda

190 2438 286 2503 verba
298 2438 559 2506 Ἀσίας-θνατοί.
599 2439 681 2500 Nam
698 2439 803 2500 θνατοί
816 2459 873 2521 pro
887 2438 991 2516 θνητοί
1003 2452 1084 2499 recte
1098 2436 1218 2523 praebet
1233 2437 1284 2501 M.

230 2542 303 2620 416.
319 2539 474 2622 παρθένοι]
490 2542 675 2601 Amazones.

231 2640 331 2724 μόχας
351 2642 399 2703 Μ.
420 2639 546 2725 aliique.
580 2637 645 2703 Alii
665 2636 784 2720 μάχαις,
805 2638 890 2724 quod
914 2653 961 2702 est
981 2640 1013 2702 io
1034 2641 1166 2704 A.B.D.
1184 2638 1288 2723 μόχον

191 2741 273 2805 Rob.
289 2740 386 2823 μάχης
400 2740 476 2804 Ald.
514 2740 600 2803 Nihil
616 2741 655 2804 ad
667 2741 870 2827 judicandam
887 2740 966 2804 hanc
981 2741 1142 2826 scripturoe
1156 2741 1285 2805 diversi-

191 2858 284 2906 tatem
308 2842 428 2905 confert
450 2865 557 2906 versus
582 2843 744 2929 Sophoclis
764 2844 805 2907 ab
830 2842 1015 2906 Blomlieldo
1036 2843 1169 2907 collatus
1193 2845 1285 2930 Ajac.

190 2944 264 3028 364.
279 2944 332 3007 τὸν
346 2946 380 3007 έν
395 2943 486 3010 δαΐοις
501 2946 645 3025 ἄτρεστον
658 2944 777 3028 μάχαις.
815 2948 962 3009 Ceterum
977 2944 1077 3029 μάχας
1091 2969 1153 3010 non
1174 2947 1286 3033 geniti·

190 3061 319 3121 roserit,
335 3045 390 3131 qui
406 3045 556 3109 Elmsleio
570 3046 744 3123 videbatur,
760 3047 813 3110 sed
828 3047 1032 3110 accusativus.

232 3166 307 3229 419.
330 3148 422 3211 τόπον
439 3149 486 3211 Μ.
502 3147 617 3233 aliique
634 3163 665 3211 et
681 3148 763 3212 Rob.
797 3150 891 3230 πόρον
906 3150 1010 3211 Turn.
1045 3150 1193 3235 Utroque
1213 3173 1286 3213 οοιι·

184 3250 298 3336 juncto
312 3252 405 3314 τόπου
418 3252 511 3332 πόρον
524 3250 602 3314 Ald.
628 3250 826 3336 “Aristoph.
843 3252 901 3314 Av.
919 3266 991 3334 245.
1010 3252 1068 3313 ὅσα
1087 3253 1114 3312 τ’
1129 3253 1287 3333 εὐδρόσους

189 3377 222 3415 τε
242 3356 299 3432 Γῆς
320 3354 427 3418 τόπους
450 3353 543 3435 ἔχετε.
567 3352 682 3438 Eurip.
697 3350 783 3439 apud
808 3352 910 3416 Strab.
927 3374 960 3437 p.
976 3354 1050 3416 616.
1067 3354 1161 3417 ναίειν
1176 3357 1285 3419 Κελαί-

189 3479 243 3520 νας
259 3451 397 3535 ἐσχάτοις
407 3453 487 3533 Ἰδης
500 3456 609 3520 τόποις.
636 3456 698 3517 ‘Iu
713 3453 848 3531 talibus?
863 3454 965 3540 inquit
981 3453 1128 3517 Valcken.
1144 3455 1184 3518 ad
1201 3456 1286 3542 Hip·

189 3554 253 3640 pol.
277 3572 368 3638 1053.
392 3554 593 3640 ‘frequenter
614 3558 714 3619 τόπων
735 3555 943 3620 meminerunt
966 3556 1087 3643 tragici,
1112 3559 1285 3644 praesertim

190 3653 379 3740 AEschylua;
403 3678 442 3717 ex
457 3678 522 3740 quo
537 3662 707 3734 Σαλαμῖνος
728 3658 846 3730 τόπους,
863 3658 991 3723 atthas
1011 3657 1128 3733 τόπους,
1144 3658 1287 3727 Πέλοπος

188 3757 281 3821 τόπον
300 3756 438 3820 enotavit
464 3756 618 3820 Abresch.
642 3757 750 3820 Auim.
773 3756 812 3819 ad
838 3758 947 3822 AEsch.
973 3779 999 3820 1.
1019 3783 1046 3823 c.
1068 3779 1121 3843 32.
1147 3783 1180 3845 p.
1203 3763 1287 3846 232.’

189 3858 275 3922 ctat
284 3857 350 3921 v.d.
364 3857 460 3944 Soph.
472 3857 693 3921 Trach.1116.
705 3856 850 3939 δράκοντα
860 3859 963 3937 μήλων
971 3859 1079 3941 φύλακ’
1091 3860 1135 3924 ἐπ’
1148 3861 1287 3944 ἐσχάτοις

188 3958 298 4036 τόποις,
318 3974 350 4023 et
371 3960 467 4047 hujus
488 3958 604 4023 fabulae
620 3983 649 4022 ν.
664 3961 740 4047 336.
764 3960 838 4041 πρὸς
861 3961 1004 4042 ἑσπέρους
1024 3962 1140 4030 τόπους.
1178 3964 1286 4050 Adjici

188 4074 290 4146 potest
305 4060 455 4147 Diphilus
470 4060 618 4125 Athenaei
635 4063 664 4125 6.
682 4085 712 4147 p.
730 4079 790 4145 223
808 4064 850 4124 A.
862 4060 907 4124 Ὠ
920 4060 998 4126 τόνδ’
1013 4066 1218 4130 έποττεόουσα
1239 4070 1287 4131 καῖ

190 4159 348 4241 κεκτημένη
363 4168 535 4244 Βραυρῶνος
557 4167 636 4244 ῖεροῦ
654 4162 892 4244 θεοφιλέστατον
911 4161 1013 4237 τόπον,
1031 4173 1144 4245 Λητοῦς
1159 4165 1232 4234 Διός
1253 4194 1286 4232 τε

188 4259 349 4340 τοξόδαμνε
363 4262 502 4343 παρθένε,
519 4263 576 4331 Ὡς
591 4268 619 4328 ol
633 4267 781 4350 τραγῳδοί
793 4274 899 4346 φασιν,
915 4268 959 4333 οῖς
978 4269 1099 4346 ἐξουσία
1109 4267 1218 4332 Ἐστιν
1233 4269 1284 4333 λε’-

188 4389 254 4447 γειν
269 4364 385 4428 ἅπαντα
399 4366 448 4428 καῖ
462 4372 559 4430 ποιεῖν
573 4364 704 4445 μόνοις.”
727 4366 901 4430 BLOMF.

231 4482 304 4546 420.
318 4464 464 4545 Ἀραβίας
477 4467 503 4528 τ’
516 4467 616 4545 θριιον
629 4465 730 4549 όνθος]
751 4468 833 4529 Cum
851 4480 916 4531 tota
929 4466 1015 4532 chori
1030 4468 1130 4534 oratio
1144 4469 1175 4533 iu
1191 4471 1287 4535 maris
