2978 5062
482 356 551 420 AD
573 355 932 421 PROMETHEUM.
1214 361 1258 428 ³9

158 519 293 584 πέπονθα
315 523 332 584 ὁ
354 525 547 603 κακοδαίμων,
563 525 651 588 οὐδὲν
666 523 766 587 δεινὸν
788 524 993 606 εἰργασμένος.
1016 526 1098 590 cons.
1114 551 1144 591 v.
1165 544 1257 609 1127.

157 622 257 685 Recte
278 642 384 687 monet
406 624 569 689 scholiasta
589 624 629 689 ad
652 625 736 688 hunc
758 623 874 701 locunt,
897 641 1015 690 veteres
1036 630 1134 692 solere
1153 629 1258 692 omnia

157 722 310 788 elementa
325 727 447 789 testari:
472 726 572 789 rarius
587 742 691 790 tamen
707 742 814 790 ventos
836 738 868 790 et
885 751 977 792 auras
999 729 1162 802 invocantz
1187 731 1257 795 Vir-

156 824 211 910 gil.
227 825 304 888 AEn.
319 843 351 906 7,
361 846 437 911 593.
460 827 543 891 Ciris
557 849 630 909 407.
645 827 685 891 cf.
702 828 797 892 Μίαν.
810 829 885 894 Oba.
903 850 928 894 1.
939 853 971 916 p.
983 852 1056 914 229.
1080 833 1255 897 BLOMF.

160 931 434 1091 8119Ᾰιῃὲτῖνύππην]
454 931 506 994 Ita
519 931 662 1016 Choeph.
676 932 751 1013 985.
768 931 880 996 dndvr’
893 935 1063 997 ἐποπτεύων
1075 934 1145 998 τάδε
1159 936 1255 1012 ἥλιος.

201 1131 311 1193 κύκλον
325 1130 425 1215 ἡλίου]
443 1131 529 1210 ἡλίου
544 1133 654 1195 κύκλον
669 1130 775 1194 Guels.

202 1251 252 1315 93.
269 1232 427 1318 αίκίοισιν]
444 1235 558 1298 ἀνίαισι
574 1234 658 1297 Rob.
673 1249 704 1296 et
720 1251 782 1297 tres
796 1232 889 1296 codd.

202 1354 255 1417 94.
278 1335 332 1399 τὸν
352 1340 472 1417 μυριετῆ
494 1335 620 1421 χρόνον]
646 1334 828 1413 Scholiasta,
842 1338 981 1413 πολυετῆ·
1006 1337 1040 1397 έν
1054 1337 1112 1416 γὰρ
1127 1339 1168 1419 τῷ
1183 1362 1255 1418 πυρ-

158 1438 241 1520 φόρῳ
255 1443 335 1518 τρεῖς
348 1437 490 1518 μυριάδας
503 1439 580 1519 φησὶ
591 1437 729 1500 δεδέσθαι
744 1438 843 1500 αὐτόν.
864 1436 1019 1522 Hyginus
1033 1436 1123 1500 Poet.
1138 1453 1254 1500 astron.

158 1555 188 1611 ι,
207 1557 256 1619 15.
280 1560 311 1623 p.
326 1540 402 1621 456.
418 1539 636 1602 Prometheum
650 1540 685 1600 io
701 1547 802 1601 monte
817 1537 958 1623 Scythice
970 1540 1095 1601 nomine
1113 1540 1255 1604 caucaso

142 1640 261 1722 ferrea
276 1650 385 1704 catena
400 1642 527 1704 vineit:
548 1662 637 1727 quem
657 1641 826 1726 alligatum
848 1641 892 1701 ad
911 1640 1052 1726 tfngtnta
1074 1640 1176 1702 millio
1197 1662 1255 1703 an-

156 1763 269 1804 nornm
285 1742 458 1827 AEacdylua
474 1742 707 1829 tragaediarum
728 1744 866 1829 scriptor
883 1744 939 1805 αι’θ.
985 1741 1073 1804 Nihil
1095 1740 1181 1805 aliud
1205 1742 1255 1806 his

158 1844 258 1906 verbis
283 1844 457 1930 exprimere
481 1843 581 1907 voluit
602 1843 774 1929 AEschylus
796 1866 891 1928 qoam
916 1843 1072 1907 infinitum
1099 1866 1252 1908 annorum

157 1967 342 2008 numerum:
377 1945 418 2009 de
439 1968 504 2030 quo
527 1967 586 2008 usu
608 1944 752 2031 adjectivi
778 1947 943 2027 τρισμύριοι
959 1944 1040 2009 dixit
1062 1944 1200 2008 Leakius
1222 1945 1253 2009 in

162 2049 297 2111 Travela
311 2050 346 2111 ιἰι
361 2049 412 2112 tlte
426 2048 542 2111 Mona
557 2046 616 2111 vol.
634 2068 662 2114 α.
679 2070 710 2133 p.
724 2062 800 2132 535.
817 2072 877 2134 ego
891 2049 930 2112 ad
946 2048 1112 2134 Aristoph.
1131 2048 1251 2113 Eccles.

161 2167 254 2233 1132.
287 2149 399 2213 Minus
422 2148 621 2235 hyperbolice
644 2149 757 2213 Strabo
782 2170 830 2225 11,
857 2172 887 2235 p.
905 2168 978 2234 505.
1003 2151 1055 2214 διε
1080 2156 1132 2214 τοῦ
1157 2149 1252 2232 Ἡρα-

158 2248 261 2313 κλέους
278 2248 325 2311 καδ
339 2247 393 2310 τὸν
408 2246 569 2327 Προμηθέα
583 2251 675 2310 λῦσαι
689 2246 855 2328 λεγομένου
869 2249 1005 2330 χιλιάσιν
1020 2252 1095 2313 έτῶν
1108 2253 1244 2330 ὕστερον.

200 2361 251 2427 95.
269 2342 423 2428 ἀθλεύσω]
439 2344 593 2407 δεθλεύσω
606 2345 689 2408 Rob.
701 2359 732 2408 et
747 2343 1005 2411 coddnonntdii.
1031 2348 1145 2411 Versus
1158 2348 1253 2434 vulgo

156 2447 198 2508 sic
213 2444 303 2508 divisi
318 2471 472 2528 χρονον-
491 2444 496 2532 Ι
515 2445 648 2528 ταγὸς-
667 2445 672 2532 Ι
692 2448 847 2526 δεσμὸν-
865 2449 871 2532 Ι
890 2448 925 2509 τό
939 2444 1008 2509 τ’-
1027 2446 1032 2533 Ι
1051 2453 1183 2527 πῆμα-.

201 2566 252 2632 97.
268 2545 376 2633 έξεῦρ]
394 2547 601 2613 Scribendum
617 2547 722 2629 ἐξηῦρ’.

200 2649 250 2732 98.
266 2653 326 2731 φεύ
339 2653 398 2731 poi
413 2649 463 2715 Μ.
478 2665 510 2711 et
525 2662 595 2712 octo
609 2647 661 2712 alii
675 2647 805 2713 codices.
833 2649 864 2714 οἲ
879 2649 909 2713 οἲ
925 2647 1001 2712 Ald.
1017 2648 1101 2712 Rob.
1132 2648 1254 2714 Eadem

156 2753 318 2837 scripturae
332 2749 495 2817 diversitas
512 2768 584 2829 124.

199 2876 250 2938 99.
266 2852 322 2940 πῆ]
339 2859 395 2917 ποῖ
407 2853 456 2915 Μ.
472 2865 504 2915 et
517 2868 588 2914 octo
601 2850 652 2915 alii
667 2874 739 2914 oum
756 2852 839 2915 Rob.
863 2857 916 2916 πεῖ
928 2852 1006 2916 Ald.

202 2977 274 3021 100.
296 2955 440 3038 τέρματα]
464 2954 557 3035 τέρμα
578 2951 657 3017 Ald.
681 2952 766 3017 Rob.
791 2976 861 3017 oum
885 2953 978 3016 codd.
1001 2953 1155 3040 plurimis.
1187 2956 1253 3037 τέρ-

155 3085 234 3138 ματα
248 3059 369 3145 primus
382 3055 482 3120 edidit
498 3056 682 3131 Turnebus,
697 3055 907 3120 consentiente
923 3057 974 3119 M.
989 3055 1128 3142 aliisque.

201 3179 271 3223 102.
286 3158 430 3241 σκεθρῶς]
447 3163 541 3238 τορῶς
554 3156 646 3220 codd.
662 3172 735 3221 tres.

202 3281 271 3341 104.
286 3257 483 3342 γίγνωσκονθ
500 3257 690 3322 Βτυηολὶυε.
712 3259 888 3341 γινύσκονθ’
905 3259 953 3323 vel
968 3262 1141 3343 γινύσκοντ”
1157 3261 1236 3326 libri.

200 3385 269 3448 105.
295 3363 402 3427 Citant
423 3361 654 3446 Moschopulus
675 3361 708 3426 in
732 3364 806 3426 MS.
828 3362 916 3448 apud
938 3363 1073 3426 Fabricii
1094 3364 1166 3427 Bib.
1190 3365 1249 3428 Gr.

153 3468 213 3529 vol.
238 3485 288 3529 12.
308 3489 339 3550 p.
362 3469 437 3551 306.
466 3479 499 3529 et
523 3463 712 3529 Theodorus
741 3464 945 3549 Hyrtacenus
974 3465 1058 3551 Epp.
1082 3468 1111 3527 8.
1142 3481 1173 3528 et
1194 3485 1249 3549 43.

154 3569 327 3633 BLOMF.

199 3688 270 3751 107.
284 3668 387 3753 γέρας]
396 3669 481 3750 Ιγέρα
495 3668 561 3732 duo
574 3667 666 3732 codd.

198 3773 268 3834 108.
291 3771 463 3852 ἐνέζευγμαι
480 3771 623 3834 Μ.1).Ν.
638 3769 745 3834 Guels.
759 3786 790 3833 et
811 3796 859 3852 γρ.
875 3791 925 3856 ap.
944 3771 1049 3847 H.St.‚
1062 3769 1116 3854 qui
1133 3792 1162 3829 v.
1174 3769 1250 3852 578.

150 3873 353 3958 comparavit,
368 3875 400 3936 πί
417 3897 490 3936 ποτε
510 3873 605 3937 ταῖσδ’
620 3872 771 3950 ἐνέζευξας
793 3874 886 3952 εὑρὼν
901 3875 1090 3951 ἁμαρτοῦσαν
1106 3873 1139 3932 ἐν
1153 3894 1249 3947 τημο·

152 3981 224 4041 ναῖς.
249 3975 424 4056 έπέζενγμαι
438 3974 565 4037 A.B.C.
588 3975 766 4054 ὑπέζευγμαι
781 3971 857 4035 Ald.
874 3971 958 4035 Rob.

197 4096 266 4161 109.
294 4075 592 4157 Νορθηκοπλήρωτον
621 4076 654 4136 δὲ
678 4079 808 4155 θηρῶμαι
833 4072 924 4152 πυρὸς
953 4070 1060 4150 Πηγὴν
1086 4070 1248 4156 κλοπαίαν]

148 4178 276 4264 Indogo
290 4188 395 4241 autem
409 4180 499 4264 tgate
507 4179 630 4260 sontem
644 4197 666 4238 α
680 4196 728 4238 me
742 4183 923 4260 surreptam
947 4181 976 4236 et
995 4173 1030 4233 ιἰι
1039 4171 1158 4253 semla
1176 4195 1248 4236 con·

147 4281 278 4344 clusum.
308 4279 364 4357 τὴν
394 4281 427 4343 έν
457 4278 578 4358 νάρθηκι
607 4281 870 4356 θησανρισθεῖσον·
894 4274 1030 4353 παρόσον
1058 4273 1098 4356 τῷ
1129 4273 1250 4355 νάρθηκι

152 4383 284 4464 έχριῖιντο
303 4382 378 4462 πρδς
398 4384 452 4448 τὰς
476 4378 689 4459 έκζωπυρήσεις
709 4382 762 4440 τοῦ
782 4376 883 4457 πυρὸς,
899 4376 970 4439 ὅθεν
990 4373 1037 4437 καὶ
1055 4374 1096 4458 τῷ
1112 4377 1251 4460 Διονύσῳ

150 4480 305 4566 ᾠκείωσαν
330 4482 429 4547 αι’πόν.
453 4479 594 4567 Hesych.
635 4477 686 4542 Sic
709 4491 818 4542 auctor
841 4472 1037 4561 Theogoniae
1054 4476 1128 4560 565.
1147 4473 1251 4545 ,Ἀλλά
