2978 5062
300 357 367 420 AD
391 355 583 421 SEPTEM
608 356 860 423 ADVERSUS
885 360 1088 425 THEBAS.
1180 363 1243 431 149

145 520 169 584 δ’
195 522 248 586 ἀΐω
274 523 413 607 φθόγγον
435 527 611 603 ὑπαξονίιυν.
651 524 762 612 Suppl.
791 527 861 590 180.
887 529 1030 609 Σόριγγες
1058 528 1093 591 οὗ
1116 534 1243 610 σιγῶσιν

145 624 331 703 ἀξονήλατοι.
355 628 531 691 BLOMF.

189 727 350 812 ἔκλαγξαν]
379 727 515 814 Syllabae
537 729 646 814 prirnae
669 735 699 793 δί·
721 731 966 816 superscriptum
990 731 1022 795 in
1049 733 1099 797 M.
1119 732 1160 798 ab
1182 733 1243 797 alia

144 847 250 891 manu.
1229 889 1233 895 .

188 930 353 1016 ἑλίτροχοι]
370 934 412 995 In
427 933 540 1019 qulbus
554 942 625 996 roto
640 934 823 998 revolvitur.
865 932 897 996 Si
912 932 984 1019 quis
998 935 1141 1021 exempla
1156 957 1242 1024 quae·

144 1045 193 1093 rat
207 1032 399 1119 metaphorae
414 1035 548 1097 nauticae
561 1036 722 1113 πηδαλίων,
738 1034 779 1098 ad
794 1035 883 1100 frena
902 1034 1136 1114 translatorum,
1151 1040 1242 1105 adeat

145 1133 291 1198 Valcken.
308 1135 339 1198 in
356 1136 491 1222 Hippol.
508 1153 599 1201 1221.
623 1137 796 1201 BLOMF.

189 1238 261 1300 206.
277 1235 397 1301 dlruov
413 1239 452 1301 de
473 1236 569 1300 frenis
582 1237 712 1315 dictum,
727 1261 800 1324 quae
815 1260 937 1324 semper
954 1253 1131 1318 moventur,
1148 1239 1242 1304 modo

143 1339 356 1416 attrabuntur,
371 1339 466 1404 modo
479 1339 635 1403 laxantur.
660 1341 760 1403 SCH.
808 1338 956 1404 Similiter
971 1340 1142 1405 scholiasta.
1179 1343 1241 1407 Sed

143 1439 250 1503 vitiose
267 1440 327 1528 legi
344 1441 464 1506 ὰόπνου
479 1455 613 1505 metrum
628 1440 751 1526 arguit:
775 1441 826 1505 cui
842 1455 878 1505 ut
895 1442 1068 1506 consuleret
1084 1443 1242 1509 Seidlerus

143 1541 183 1606 de
204 1566 284 1608 vers.
307 1544 429 1609 docbm.
454 1567 484 1631 p.
507 1562 574 1627 129.
599 1545 757 1625 ἆγρόπνου
781 1543 914 1632 scripsit,
938 1558 1062 1631 recepto
1086 1545 1118 1608 in
1139 1547 1243 1613 verbis

142 1646 293 1730 proximis
315 1670 354 1711 ex
382 1645 539 1711 Schuetzii
569 1647 748 1732 conjectura
777 1647 933 1727 διασπόμια
959 1647 1031 1733 (pro
1057 1651 1105 1713 διὰ
1128 1651 1239 1732 στόμα)

142 1747 229 1832 quod
251 1748 333 1812 idem
348 1763 428 1813 esset
442 1763 538 1834 atque
556 1750 723 1828 ὑποστόμια
743 1754 879 1831 χαλινῶν
892 1771 912 1811 a
927 1748 1057 1812 Polluce
1071 1766 1242 1816 memorata

146 1869 175 1927 1,
196 1852 267 1933 184.
288 1872 338 1929 10,
352 1853 406 1936 56.
453 1851 515 1914 Sed
538 1873 595 1913 nec
617 1864 764 1913 testatum
779 1848 858 1913 illud
875 1853 1032 1930 διαστόμια
1046 1874 1066 1914 α
1080 1875 1241 1938 quoquam

141 1970 188 2016 est
203 1975 260 2017 nec
275 1953 436 2040 probabile
447 1951 584 2016 dochmii
598 1952 692 2015 finem
704 1952 763 2015 hoe
774 1950 842 2014 loco
853 1951 884 2014 in
901 1951 1037 2015 medium
1053 1953 1240 2017 vocabulum

142 2053 286 2118 incidere.
319 2056 418 2118 Recte
433 2077 492 2141 ego
508 2055 745 2117 Lachmannum
761 2051 889 2116 sensisse
903 2052 996 2116 credo
1010 2053 1147 2118 dechor.
1163 2070 1240 2140 syst.

142 2178 173 2242 p.
191 2158 242 2221 88.
258 2157 314 2243 qui
329 2159 458 2222 verbum
481 2155 608 2242 aliquod
628 2156 727 2220 simile
749 2155 936 2242 precedenti
957 2157 1106 2238 ἔκλαγξαν
1121 2156 1241 2221 deside-

141 2259 203 2322 rari
219 2257 328 2321 videus
349 2259 484 2323 correxit
506 2262 630 2323 ἱππικῶν
652 2261 805 2337 πηδαλίων
828 2260 876 2322 δία
895 2256 900 2343 Ι
920 2260 1027 2337 στόμια
1046 2265 1241 2340 πυριγενετᾶν

141 2367 284 2444 χαλινῶν.
329 2362 413 2426 Nam
428 2364 536 2441 στόμια
549 2362 676 2426 omnino
690 2363 909 2425 assumendum
930 2384 970 2424 ex
994 2360 1151 2425 Schuetzii
1168 2385 1241 2426 con-

136 2463 261 2548 jectura
274 2477 305 2526 et
320 2486 410 2527 sensu
423 2477 455 2528 et
469 2478 569 2527 metro
583 2464 770 2550 postulante.
794 2465 891 2543 στόμα
904 2463 937 2525 in
954 2463 1016 2527 fine
1037 2463 1241 2550 praecedentis

141 2586 249 2629 versus
263 2566 352 2652 ponit
367 2566 444 2631 Ald.

186 2686 259 2752 207.
282 2669 492 2756 πυριγενετᾶν]
508 2672 592 2757 Igne
600 2671 852 2755 fabricatorum.
896 2669 948 2734 Sic
970 2671 1078 2749 στόμια
1098 2673 1240 2752 πυριγενῆ

141 2792 192 2857 ap.
208 2771 322 2856 Eurip.
339 2770 471 2857 Hippol.
490 2791 581 2856 1223.
597 2772 638 2835 ab
655 2771 821 2836 Schuetzio
836 2772 974 2836 citatum.

186 2873 259 2938 208.
280 2872 321 2952 μὴ
339 2871 378 2956 ’ς]
404 2872 575 2936 Librorum
595 2872 816 2937 nonnullorum
837 2873 912 2937 vitia
931 2887 1004 2936 sunt
1018 2872 1059 2952 μὴ
1078 2874 1131 2949 εἰς,
1153 2869 1182 2950 μ’
1198 2873 1240 2951 ἐς,

141 2970 168 3054 γ’
186 2976 237 3041 εἰς.

183 3074 319 3161 πρῷραν]
338 3075 538 3140 Scribebatur
552 3079 680 3158 πριόραυ.

185 3195 259 3262 209.
282 3179 463 3263 πρύμνηθεν]
490 3178 661 3243 Simulacra
675 3180 818 3265 quaedam
835 3178 964 3242 deorum
980 3177 1013 3240 in
1031 3200 1126 3263 prore
1140 3179 1240 3257 luere,

140 3277 181 3342 ad
204 3301 277 3364 quoe
298 3280 501 3364 gubernator,
527 3279 634 3345 relicta
657 3280 769 3368 puppi,
793 3279 891 3343 veluti
909 3279 1022 3343 chorus
1043 3280 1083 3344 ed
1108 3281 1238 3344 deorum

141 3383 268 3467 templa,
284 3381 495 3467 confugiebat
541 3384 614 3445 Hoc
629 3395 712 3445 recte
727 3394 833 3444 monet
848 3380 1003 3444 Stenleius
1016 3394 1125 3445 contro
1139 3382 1240 3446 Hein-

140 3480 220 3545 sium
243 3497 275 3546 et
298 3483 511 3569 Scaligerum3
534 3483 686 3570 probante
703 3480 896 3546 Ruhnkenio
912 3483 1031 3568 Opusc.
1047 3507 1080 3570 p.
1097 3484 1169 3569 298.
1186 3484 1238 3548 ed.

142 3583 249 3670 Lugd.
266 3585 338 3648 Bat.
363 3586 537 3650 BLOMF.

184 3686 265 3769 εὗρε]
285 3684 491 3750 Scribendum
508 3688 587 3768 ηὗρε.

185 3805 258 3852 210.
274 3787 363 3875 πρὸς]
381 3791 415 3852 ἐν
430 3789 471 3852 L.
487 3790 536 3852 Μ.
552 3789 655 3854 Viteb.

185 3905 365 3974 211-215.
390 3889 504 3953 ἆλλ’-
523 3889 528 3977 Ι
547 3893 705 3974 ἀρχαῖα-
723 3890 729 3979 Ι
748 3893 921 3975 υιφόδος-
938 3889 944 3978 Ι
962 3895 1122 3973 βρόμος-
1141 3890 1147 3978 Ι
1165 3892 1241 3974 πρὸς·

140 4023 182 4038 -
201 3988 208 4077 Ι
226 3988 405 4055 ἵν’-ἀλκάν
419 3990 495 4055 Ald.

185 4110 257 4159 212.
275 4098 371 4158 θεοῖσι
385 4095 510 4161 πίσυνος
525 4093 692 4158 Seidlerus.
714 4095 839 4161 nlo-uros
854 4100 934 4161 θεοῖς
946 4094 1029 4159 libri.

185 4212 256 4281 213.
273 4194 436 4278 νιφομέυας
451 4197 534 4260 AB.
547 4196 669 4281 aliique.
694 4194 855 4279 νιφομένης
869 4195 975 4283 vulgo.
1000 4173 1177 4279 νειφομένης
1186 4198 1238 4263 Μ.

185 4311 256 4380 215.
271 4301 382 4365 πόλεος
397 4300 611 4363 Hermannus.
633 4300 750 4366 πόλεως
764 4296 844 4361 libri.

183 4399 257 4462 216.
272 4397 405 4484 στέγειν]
421 4399 529 4481 στέγα,
545 4401 707 4478 Scotino,
718 4399 796 4464 Νοιι
811 4398 952 4465 αόιοὶόίο.
977 4398 1110 4486 Proprie
1124 4399 1240 4466 dicitur

139 4496 180 4561 de
194 4520 273 4562 nave
290 4498 354 4580 (vel
369 4502 467 4584 vase)
484 4524 557 4587 quae
570 4523 684 4588 aquam
706 4523 764 4589 per
780 4499 933 4566 foramina
948 4499 997 4565 vel
1021 4500 1115 4567 nutes
1136 4524 1239 4589 neque
