<?xml version="1.0" encoding="UTF-8"?>
<!DOCTYPE html PUBLIC "-//W3C//DTD XHTML 1.0 Transitional//EN"
    "http://www.w3.org/TR/xhtml1/DTD/xhtml1-transitional.dtd">
<html xmlns="http://www.w3.org/1999/xhtml" xml:lang="en" lang="en">
 <head>
  <title>
</title>
<meta http-equiv="Content-Type" content="text/html;charset=utf-8" />
  <meta name='ocr-system' content='tesseract 3.04.00' />
  <meta name='ocr-capabilities' content='ocr_page ocr_carea ocr_par ocr_line ocrx_word'/>
</head>
<body>
  <div class='ocr_page' id='page_1' title='image "./tragoediaesuper02aescgoog_0235.png"; bbox 0 0 2978 5062; ppageno 0'>
   <div class='ocr_carea' id='block_1_1' title="bbox 237 338 1326 403">
    <p class='ocr_par' dir='ltr' id='par_1_1' title="bbox 237 338 1326 403">
     <span class='ocr_line' id='line_1_1' title="bbox 237 338 1326 403; baseline 0 -6"><span class='ocrx_word' id='word_1_1' title='bbox 237 338 303 401; x_wconf 69' lang='lat'>228</span> <span class='ocrx_word' id='word_1_2' title='bbox 340 339 518 403; x_wconf 89' lang='lat' dir='ltr'>ANNOT.</span> <span class='ocrx_word' id='word_1_3' title='bbox 541 338 608 400; x_wconf 85' lang='lat' dir='ltr'>AD</span> <span class='ocrx_word' id='word_1_4' title='bbox 633 339 825 401; x_wconf 80' lang='lat' dir='ltr'><strong>SEPTEM</strong></span> <span class='ocrx_word' id='word_1_5' title='bbox 850 338 1099 403; x_wconf 86' lang='lat' dir='ltr'>ADVERSUS</span> <span class='ocrx_word' id='word_1_6' title='bbox 1124 338 1326 401; x_wconf 84' lang='lat' dir='ltr'>THEBAS.</span> 
     </span>
    </p>
   </div>
   <div class='ocr_carea' id='block_1_2' title="bbox 261 502 1085 893">
    <p class='ocr_par' dir='ltr' id='par_1_2' title="bbox 261 502 1085 790">
     <span class='ocr_line' id='line_1_2' title="bbox 281 502 1085 589; baseline -0.001 -23"><span class='ocrx_word' id='word_1_7' title='bbox 281 503 410 587; x_wconf 84' lang='grc' dir='ltr'>πίθοιτο]</span> <span class='ocrx_word' id='word_1_8' title='bbox 425 504 557 567; x_wconf 80' lang='grc' dir='ltr'>πείθοιτο</span> <span class='ocrx_word' id='word_1_9' title='bbox 570 502 663 566; x_wconf 89' lang='lat' dir='ltr'>oodd.</span> <span class='ocrx_word' id='word_1_10' title='bbox 679 502 820 589; x_wconf 82' lang='lat' dir='ltr'>plerique</span> <span class='ocrx_word' id='word_1_11' title='bbox 835 517 867 567; x_wconf 87' lang='lat' dir='ltr'>et</span> <span class='ocrx_word' id='word_1_12' title='bbox 883 502 961 566; x_wconf 76' lang='grc' dir='ltr'>ΑΜ.</span> <span class='ocrx_word' id='word_1_13' title='bbox 980 505 1085 567; x_wconf 90' lang='lat' dir='ltr'>Turu.</span> 
     </span>
     <span class='ocr_line' id='line_1_3' title="bbox 285 604 982 691; baseline 0.004 -25"><span class='ocrx_word' id='word_1_14' title='bbox 285 606 377 668; x_wconf 91' lang='lat'>1066.</span> <span class='ocrx_word' id='word_1_15' title='bbox 396 604 486 689; x_wconf 77' lang='grc' dir='ltr'>ΗΜ]</span> <span class='ocrx_word' id='word_1_16' title='bbox 503 605 674 691; x_wconf 86' lang='lat' dir='ltr'>Antigonae</span> <span class='ocrx_word' id='word_1_17' title='bbox 691 606 757 669; x_wconf 85' lang='lat' dir='ltr'>haeo</span> <span class='ocrx_word' id='word_1_18' title='bbox 773 606 883 670; x_wconf 84' lang='lat' dir='ltr'>tribuit</span> <span class='ocrx_word' id='word_1_19' title='bbox 900 606 982 670; x_wconf 89' lang='lat' dir='ltr'>Rob.</span> 
     </span>
     <span class='ocr_line' id='line_1_4' title="bbox 261 705 934 790; baseline 0.001 -19"><span class='ocrx_word' id='word_1_20' title='bbox 261 748 264 753; x_wconf 92' lang='lat'>·</span> <span class='ocrx_word' id='word_1_21' title='bbox 283 705 390 790; x_wconf 78' lang='grc' dir='ltr'>δράτω]</span> <span class='ocrx_word' id='word_1_22' title='bbox 406 708 439 769; x_wconf 77' lang='grc' dir='ltr'>δὲ</span> <span class='ocrx_word' id='word_1_23' title='bbox 454 705 577 770; x_wconf 84' lang='lat' dir='ltr'>addidit</span> <span class='ocrx_word' id='word_1_24' title='bbox 593 708 696 770; x_wconf 86' lang='lat' dir='ltr'>Turn.</span> <span class='ocrx_word' id='word_1_25' title='bbox 719 733 753 771; x_wconf 82' lang='grc' dir='ltr'>τε</span> <span class='ocrx_word' id='word_1_26' title='bbox 769 709 934 772; x_wconf 74' lang='grc' dir='ltr'>Οαηῑονυε.</span> 
     </span>
    </p>

    <p class='ocr_par' dir='ltr' id='par_1_3' title="bbox 281 807 999 893">
     <span class='ocr_line' id='line_1_5' title="bbox 281 807 999 893; baseline 0.004 -22"><span class='ocrx_word' id='word_1_27' title='bbox 281 835 311 873; x_wconf 87' lang='grc' dir='ltr'>τι</span> <span class='ocrx_word' id='word_1_28' title='bbox 325 807 447 873; x_wconf 86' lang='lat' dir='ltr'>addidit</span> <span class='ocrx_word' id='word_1_29' title='bbox 463 809 632 874; x_wconf 82' lang='lat' dir='ltr'>Elmsleius</span> <span class='ocrx_word' id='word_1_30' title='bbox 646 810 686 874; x_wconf 87' lang='lat' dir='ltr'>ad</span> <span class='ocrx_word' id='word_1_31' title='bbox 704 813 782 875; x_wconf 85' lang='lat' dir='ltr'>Eur.</span> <span class='ocrx_word' id='word_1_32' title='bbox 800 812 888 875; x_wconf 86' lang='lat' dir='ltr'>Med.</span> <span class='ocrx_word' id='word_1_33' title='bbox 908 831 999 893; x_wconf 79' lang='lat'>1224.</span> 
     </span>
    </p>
   </div>
   <div class='ocr_carea' id='block_1_3' title="bbox 239 910 1342 2119">
    <p class='ocr_par' dir='ltr' id='par_1_4' title="bbox 286 910 1209 994">
     <span class='ocr_line' id='line_1_6' title="bbox 286 910 1209 994; baseline 0.002 -21"><span class='ocrx_word' id='word_1_34' title='bbox 286 911 379 990; x_wconf 90' lang='lat'>1067.</span> <span class='ocrx_word' id='word_1_35' title='bbox 395 912 567 994; x_wconf 80' lang='grc' dir='ltr'>κλαίοντας]</span> <span class='ocrx_word' id='word_1_36' title='bbox 589 910 794 974; x_wconf 85' lang='lat' dir='ltr'>Scribendum</span> <span class='ocrx_word' id='word_1_37' title='bbox 812 911 957 979; x_wconf 79' lang='grc' dir='ltr'>κλάοντας</span> <span class='ocrx_word' id='word_1_38' title='bbox 971 936 1043 976; x_wconf 85' lang='lat' dir='ltr'>curu</span> <span class='ocrx_word' id='word_1_39' title='bbox 1061 915 1209 976; x_wconf 89' lang='lat' dir='ltr'>Porsono.</span> 
     </span>
    </p>

    <p class='ocr_par' dir='ltr' id='par_1_5' title="bbox 283 1012 1122 1100">
     <span class='ocr_line' id='line_1_7' title="bbox 283 1012 1122 1100; baseline 0 -22"><span class='ocrx_word' id='word_1_40' title='bbox 283 1015 454 1093; x_wconf 70' lang='grc' dir='ltr'>Πολυνείκη</span> <span class='ocrx_word' id='word_1_41' title='bbox 470 1015 521 1079; x_wconf 90' lang='grc' dir='ltr'>Μ.</span> <span class='ocrx_word' id='word_1_42' title='bbox 542 1018 703 1092; x_wconf 81' lang='grc' dir='ltr'>πολυνεικῆ</span> <span class='ocrx_word' id='word_1_43' title='bbox 719 1014 758 1079; x_wconf 92' lang='grc' dir='ltr'>Β.</span> <span class='ocrx_word' id='word_1_44' title='bbox 805 1012 911 1100; x_wconf 82' lang='lat' dir='ltr'>Vulgo</span> <span class='ocrx_word' id='word_1_45' title='bbox 926 1015 1122 1094; x_wconf 79' lang='grc' dir='ltr'>Πολυνείκην.</span> 
     </span>
    </p>

    <p class='ocr_par' dir='ltr' id='par_1_6' title="bbox 239 1113 1342 1281">
     <span class='ocr_line' id='line_1_8' title="bbox 285 1113 1342 1198; baseline -0.001 -21"><span class='ocrx_word' id='word_1_46' title='bbox 285 1116 378 1178; x_wconf 87' lang='lat'>1068.</span> <span class='ocrx_word' id='word_1_47' title='bbox 400 1113 468 1198; x_wconf 78' lang='grc' dir='ltr'>μὲν]</span> <span class='ocrx_word' id='word_1_48' title='bbox 488 1117 546 1197; x_wconf 77' lang='grc' dir='ltr'>γὰρ</span> <span class='ocrx_word' id='word_1_49' title='bbox 561 1114 610 1177; x_wconf 94' lang='lat' dir='ltr'>M.</span> <span class='ocrx_word' id='word_1_50' title='bbox 627 1126 658 1177; x_wconf 90' lang='lat' dir='ltr'>et</span> <span class='ocrx_word' id='word_1_51' title='bbox 674 1130 744 1178; x_wconf 88' lang='lat' dir='ltr'>octo</span> <span class='ocrx_word' id='word_1_52' title='bbox 758 1114 810 1178; x_wconf 86' lang='lat' dir='ltr'>alii</span> <span class='ocrx_word' id='word_1_53' title='bbox 825 1136 896 1178; x_wconf 88' lang='lat' dir='ltr'>cum</span> <span class='ocrx_word' id='word_1_54' title='bbox 914 1114 990 1178; x_wconf 91' lang='lat' dir='ltr'>Ald.</span> <span class='ocrx_word' id='word_1_55' title='bbox 1007 1116 1110 1179; x_wconf 84' lang='grc' dir='ltr'>Τατα.</span> <span class='ocrx_word' id='word_1_56' title='bbox 1133 1118 1189 1194; x_wconf 81' lang='grc' dir='ltr'>μὲν</span> <span class='ocrx_word' id='word_1_57' title='bbox 1204 1118 1262 1196; x_wconf 81' lang='grc' dir='ltr'>γὰρ</span> <span class='ocrx_word' id='word_1_58' title='bbox 1276 1115 1342 1177; x_wconf 82' lang='lat' dir='ltr'>duo</span> 
     </span>
     <span class='ocr_line' id='line_1_9' title="bbox 239 1217 414 1281; baseline -0.006 0"><span class='ocrx_word' id='word_1_59' title='bbox 239 1239 312 1281; x_wconf 90' lang='lat' dir='ltr'>cum</span> <span class='ocrx_word' id='word_1_60' title='bbox 329 1217 414 1281; x_wconf 88' lang='lat' dir='ltr'>Rob.</span> 
     </span>
    </p>

    <p class='ocr_par' dir='ltr' id='par_1_7' title="bbox 283 1318 1005 1405">
     <span class='ocr_line' id='line_1_10' title="bbox 283 1318 1005 1405; baseline -0.001 -22"><span class='ocrx_word' id='word_1_61' title='bbox 283 1318 492 1405; x_wconf 74' lang='grc' dir='ltr'>συνθάψομεν]</span> <span class='ocrx_word' id='word_1_62' title='bbox 507 1320 701 1401; x_wconf 75' lang='grc' dir='ltr'>ξυνθάψαμεν</span> <span class='ocrx_word' id='word_1_63' title='bbox 716 1319 897 1383; x_wconf 87' lang='lat' dir='ltr'>Brunokius</span> <span class='ocrx_word' id='word_1_64' title='bbox 912 1335 1005 1383; x_wconf 87' lang='lat' dir='ltr'>recte.</span> 
     </span>
    </p>

    <p class='ocr_par' dir='ltr' id='par_1_8' title="bbox 287 1420 1148 1507">
     <span class='ocr_line' id='line_1_11' title="bbox 287 1420 1148 1507; baseline -0.003 -23"><span class='ocrx_word' id='word_1_65' title='bbox 287 1423 508 1506; x_wconf 84' lang='lat'>1069—1071.</span> <span class='ocrx_word' id='word_1_66' title='bbox 526 1422 609 1484; x_wconf 81' lang='lat' dir='ltr'>Haeo</span> <span class='ocrx_word' id='word_1_67' title='bbox 625 1420 721 1507; x_wconf 85' lang='lat' dir='ltr'>vulgo</span> <span class='ocrx_word' id='word_1_68' title='bbox 735 1420 766 1483; x_wconf 87' lang='lat' dir='ltr'>in</span> <span class='ocrx_word' id='word_1_69' title='bbox 782 1420 863 1484; x_wconf 88' lang='lat' dir='ltr'>duos</span> <span class='ocrx_word' id='word_1_70' title='bbox 877 1421 1026 1486; x_wconf 86' lang='lat' dir='ltr'>dimetros</span> <span class='ocrx_word' id='word_1_71' title='bbox 1040 1421 1148 1484; x_wconf 87' lang='lat' dir='ltr'>divisa.</span> 
     </span>
    </p>

    <p class='ocr_par' dir='ltr' id='par_1_9' title="bbox 288 1523 974 1608">
     <span class='ocr_line' id='line_1_12' title="bbox 288 1523 974 1608; baseline 0 -23"><span class='ocrx_word' id='word_1_72' title='bbox 288 1540 379 1606; x_wconf 92' lang='lat'>1070.</span> <span class='ocrx_word' id='word_1_73' title='bbox 395 1523 481 1607; x_wconf 80' lang='grc' dir='ltr'>ἄχος]</span> <span class='ocrx_word' id='word_1_74' title='bbox 497 1524 589 1607; x_wconf 77' lang='grc' dir='ltr'>ἄχθος</span> <span class='ocrx_word' id='word_1_75' title='bbox 603 1523 723 1608; x_wconf 86' lang='lat' dir='ltr'>aliquot</span> <span class='ocrx_word' id='word_1_76' title='bbox 737 1523 827 1586; x_wconf 91' lang='lat' dir='ltr'>codd.</span> <span class='ocrx_word' id='word_1_77' title='bbox 844 1539 876 1587; x_wconf 83' lang='lat' dir='ltr'>et</span> <span class='ocrx_word' id='word_1_78' title='bbox 891 1525 974 1587; x_wconf 90' lang='lat' dir='ltr'>Rob.</span> 
     </span>
    </p>

    <p class='ocr_par' dir='ltr' id='par_1_10' title="bbox 282 1624 782 1708">
     <span class='ocr_line' id='line_1_13' title="bbox 282 1624 782 1708; baseline -0.006 -19"><span class='ocrx_word' id='word_1_79' title='bbox 282 1626 397 1708; x_wconf 74' lang='grc' dir='ltr'>ἄλλως]</span> <span class='ocrx_word' id='word_1_80' title='bbox 415 1625 468 1689; x_wconf 80' lang='grc' dir='ltr'>οὐκ</span> <span class='ocrx_word' id='word_1_81' title='bbox 483 1625 583 1691; x_wconf 77' lang='grc' dir='ltr'>ἄλλως</span> <span class='ocrx_word' id='word_1_82' title='bbox 599 1624 683 1687; x_wconf 89' lang='lat' dir='ltr'>Rob.</span> <span class='ocrx_word' id='word_1_83' title='bbox 778 1659 782 1664; x_wconf 94' lang='lat'>·</span> 
     </span>
    </p>

    <p class='ocr_par' dir='ltr' id='par_1_11' title="bbox 286 1725 953 1812">
     <span class='ocr_line' id='line_1_14' title="bbox 286 1725 953 1812; baseline -0.001 -22"><span class='ocrx_word' id='word_1_84' title='bbox 286 1744 379 1810; x_wconf 85' lang='lat'>1072.</span> <span class='ocrx_word' id='word_1_85' title='bbox 397 1725 489 1812; x_wconf 75' lang='grc' dir='ltr'>ΗΜ]</span> <span class='ocrx_word' id='word_1_86' title='bbox 508 1725 558 1789; x_wconf 89' lang='lat' dir='ltr'>Sic</span> <span class='ocrx_word' id='word_1_87' title='bbox 574 1726 741 1790; x_wconf 83' lang='lat' dir='ltr'>Rob.110.</span> <span class='ocrx_word' id='word_1_88' title='bbox 757 1726 833 1790; x_wconf 83' lang='lat' dir='ltr'>Ald.</span> <span class='ocrx_word' id='word_1_89' title='bbox 851 1729 953 1790; x_wconf 84' lang='lat' dir='ltr'>Turn.</span> 
     </span>
    </p>

    <p class='ocr_par' dir='ltr' id='par_1_12' title="bbox 240 1827 1338 2012">
     <span class='ocr_line' id='line_1_15' title="bbox 287 1827 1338 1916; baseline -0.001 -24"><span class='ocrx_word' id='word_1_90' title='bbox 287 1831 380 1911; x_wconf 90' lang='lat'>1076.</span> <span class='ocrx_word' id='word_1_91' title='bbox 401 1828 440 1907; x_wconf 75' lang='grc' dir='ltr'>μὴ</span> <span class='ocrx_word' id='word_1_92' title='bbox 453 1827 660 1913; x_wconf 76' lang='grc' dir='ltr'>’νατραπῆναι]</span> <span class='ocrx_word' id='word_1_93' title='bbox 680 1828 769 1894; x_wconf 84' lang='lat' dir='ltr'>Libri</span> <span class='ocrx_word' id='word_1_94' title='bbox 783 1828 924 1916; x_wconf 86' lang='lat' dir='ltr'>plerique</span> <span class='ocrx_word' id='word_1_95' title='bbox 941 1830 981 1909; x_wconf 78' lang='grc' dir='ltr'>μὴ</span> <span class='ocrx_word' id='word_1_96' title='bbox 997 1831 1209 1909; x_wconf 80' lang='grc' dir='ltr'>ἀνατραπῆναι.</span> <span class='ocrx_word' id='word_1_97' title='bbox 1256 1830 1338 1891; x_wconf 80' lang='lat' dir='ltr'>Scri-</span> 
     </span>
     <span class='ocr_line' id='line_1_16' title="bbox 240 1930 630 2012; baseline -0.003 -17"><span class='ocrx_word' id='word_1_98' title='bbox 240 1930 378 1996; x_wconf 84' lang='lat' dir='ltr'>bendum</span> <span class='ocrx_word' id='word_1_99' title='bbox 394 1932 630 2012; x_wconf 79' lang='grc' dir='ltr'>μᾶνατραπῆναι.</span> 
     </span>
    </p>

    <p class='ocr_par' dir='ltr' id='par_1_13' title="bbox 287 2031 1268 2119">
     <span class='ocr_line' id='line_1_17' title="bbox 287 2031 1268 2119; baseline -0.004 -19"><span class='ocrx_word' id='word_1_100' title='bbox 287 2049 379 2116; x_wconf 88' lang='lat'>1077.</span> <span class='ocrx_word' id='word_1_101' title='bbox 395 2033 590 2117; x_wconf 80' lang='grc' dir='ltr'>ἀλλοδαπῶν]</span> <span class='ocrx_word' id='word_1_102' title='bbox 608 2033 769 2118; x_wconf 75' lang='grc' dir='ltr'>ἀλλοδαπῷ</span> <span class='ocrx_word' id='word_1_103' title='bbox 783 2031 903 2119; x_wconf 81' lang='lat' dir='ltr'>aliquot</span> <span class='ocrx_word' id='word_1_104' title='bbox 917 2031 1009 2097; x_wconf 83' lang='lat' dir='ltr'>codd.</span> <span class='ocrx_word' id='word_1_105' title='bbox 1026 2032 1106 2096; x_wconf 86' lang='lat' dir='ltr'>inter</span> <span class='ocrx_word' id='word_1_106' title='bbox 1120 2054 1202 2119; x_wconf 81' lang='lat' dir='ltr'>quos</span> <span class='ocrx_word' id='word_1_107' title='bbox 1216 2033 1268 2096; x_wconf 80' lang='lat' dir='ltr'>M.</span> 
     </span>
    </p>
   </div>
   <div class='ocr_carea' id='block_1_4' title="bbox 0 0 1514 5062">
    <p class='ocr_par' dir='ltr' id='par_1_14' title="bbox 0 0 1514 5062">
     <span class='ocr_line' id='line_1_18' title="bbox 0 0 1514 5062; baseline 0 0"><span class='ocrx_word' id='word_1_108' title='bbox 0 0 1514 5062; x_wconf 95' lang='lat' dir='ltr'> </span> 
     </span>
    </p>
   </div>
  </div>
 </body>
</html>
