2978 5062
515 365 583 426 AD
605 364 963 428 PROMETHEUM.
1244 363 1288 426 6³

191 528 311 593 Euxini
325 528 436 592 aooolis
458 530 652 593 recensendis
666 546 817 608 versetur,
827 531 901 615 jure
921 531 1075 593 mirantur
1095 530 1288 616 interpretes.

192 630 276 695 uude
290 631 359 696 hoec
375 632 505 696 Arabiae
519 634 646 696 mentio.
691 632 844 696 Nonnulli
857 632 899 696 ad
913 632 1160 696 emendationem
1178 634 1289 697 oonsu-

190 733 294 818 giunt,
308 755 443 819 quorum
458 735 652 818 conjecturas
663 756 836 798 memorare
853 733 1050 820 supersedeo.
1094 735 1203 821 Magis
1221 735 1289 821 pla-

190 848 239 898 cet
262 832 384 898 Butleri
407 828 571 913 sententia,
593 837 649 922 qui
673 837 838 901 ostendere
860 851 1002 912 sonatur,
1027 859 1141 901 nomen
1160 839 1290 901 Arabia

192 934 285 1000 latius
307 934 381 999 olim
407 959 503 1021 quam
531 937 629 1023 vulgo
651 938 791 1002 creditur
815 938 962 1023 patuisse.
1008 938 1070 1001 Sed
1092 937 1186 1002 nolim
1209 939 1291 1002 hanc

193 1036 395 1123 quaestiouem
410 1037 503 1100 nimis
516 1039 636 1102 curiose
652 1055 793 1103 tractare.
818 1042 900 1103 Nam
915 1039 1079 1103 verisimile
1091 1056 1140 1103 est
1152 1040 1292 1126 AEschy-

194 1138 259 1201 lum
276 1139 488 1225 Geograpbiae
509 1140 606 1203 nihilo
627 1141 803 1226 peritiorem
825 1141 921 1204 fuisse
943 1142 1060 1226 tragioo
1074 1157 1222 1219 nostrate,
1236 1141 1293 1227 qui

193 1263 279 1304 oram
311 1241 471 1304 llohemiae
497 1242 683 1305 maritimam
712 1259 875 1306 memorat.
908 1244 1023 1306 ELM.
1069 1243 1168 1306 Simili
1196 1260 1293 1328 atque

196 1341 345 1405 Butlerus
367 1342 485 1405 ratione
505 1359 628 1428 poetam
651 1365 713 1405 non
737 1359 800 1406 tam
820 1343 1029 1406 defenderunt
1041 1366 1137 1428 quam
1159 1366 1293 1407 excusa·

196 1459 268 1506 runt
286 1444 313 1506 1.
331 1444 377 1505 H.
395 1445 524 1531 Vossius
537 1445 569 1506 iu
584 1445 734 1529 symbolis
751 1445 793 1508 ad
813 1445 1035 1531 geographiam
1052 1458 1294 1530 veterumque

196 1543 301 1608 diariis
314 1546 505 1608 denenabus
517 1569 545 1608 a
564 1548 658 1630 1805.
673 1560 747 1609 sunt
761 1546 904 1631 adjectae,
918 1570 949 1633 p
964 1548 1049 1610 xviii.
1071 1548 1240 1611 Jaoobdus
1260 1548 1294 1610 in

196 1645 395 1710 annotatione
415 1647 457 1710 ad
478 1646 510 1708 h.
527 1647 547 1709 l.
564 1647 596 1708 in
617 1648 735 1710 Museo
748 1648 860 1710 Attioo
873 1647 935 1710 vol.
950 1670 982 1731 3.
1004 1672 1036 1734 p.
1052 1669 1127 1727 410.
1143 1648 1292 1713 welche·

197 1770 251 1810 rus
263 1747 295 1810 in
310 1747 391 1810 libro
404 1747 445 1810 de
459 1748 590 1833 trilogiis
608 1771 642 1833 p.
660 1766 710 1810 20.
748 1749 878 1813 Arabiae
893 1750 1081 1813 mentionem
1096 1753 1190 1814 etiam
1205 1752 1294 1815 sebo-

197 1845 286 1910 liasta
299 1864 345 1911 est
360 1848 501 1924 miratus,
515 1849 572 1934 qui
592 1850 706 1934 quaerit
720 1856 782 1916 τός
802 1851 857 1926 τὴν
872 1849 1024 1930 Ἀραβίαν
1037 1850 1186 1935 Καυκάσῳ
1200 1850 1296 1935 συνᾴ-

199 1973 292 2012 κισεν.

240 2053 331 2117 ὄνθος
346 2053 482 2114 Α.Β.Μ.
497 2051 614 2136 aliique
627 2050 754 2136 plurimi
768 2066 801 2113 et
815 2053 900 2115 Rob-
924 2055 1010 2119 ἔθνος
1023 2053 1102 2116 Ald.
1117 2055 1224 2116 Turn.

240 2171 316 2232 421.
332 2152 558 2234 ὖψίκρημόσό
574 2154 605 2215 ol
617 2152 754 2230 πόλισμα
768 2151 929 2216 Καυκάσου
942 2155 1038 2221 πέλας
1052 2153 1203 2239 νέμονται]
1214 2155 1297 2218 Edi·

200 2263 267 2318 lum
280 2254 440 2317 cartellam
454 2276 508 2316 seu
523 2252 678 2339 oppidum
693 2268 875 2316 montanum
889 2255 1033 2318 Caucaso
1045 2258 1184 2318 vicinum
1195 2255 1297 2340 quod·

201 2376 272 2418 nam
287 2355 337 2431 sit,
353 2354 528 2440 AEsobylus
548 2377 611 2417 oon
632 2353 735 2429 addit,
750 2376 806 2416 nee
826 2354 915 2439 apud
934 2355 1132 2440 geographos
1152 2355 1299 2442 antiquos

200 2457 299 2543 reperi
322 2478 447 2530 nomen,
469 2456 521 2519 cui
546 2455 616 2518 baso
639 2453 807 2539 descriptio
829 2454 874 2517 ita
897 2456 1073 2532 oonreoist,
1099 2472 1135 2519 ut
1159 2457 1212 2520 alii
1233 2478 1297 2520 nou

201 2558 377 2644 tequojure
396 2556 492 2621 tribui
515 2555 621 2640 possit.
644 2553 809 2634 όξόιροραι
822 2557 938 2637 αἰχμαζ
952 2567 1056 2620 acuta
1074 2558 1205 2621 umae.
1226 2556 1300 2638 βρό-

200 2682 268 2736 petr
281 2661 403 2740 αἰχμαῖς
414 2659 533 2720 lanceis
545 2657 694 2727 hor-rem
719 2672 756 2719 nt
765 2678 817 2741 ap
832 2657 947 2743 Eurip.
965 2658 1079 2721 Pboen.
1099 2679 1131 2721 ιι
1138 2678 1171 2743 3.
1184 2661 1299 2738 ιαρίσιι

201 2760 306 2826 &rhais
318 2757 450 2839 βρέμον.
475 2759 578 2821 SCH.

243 2875 319 2937 422.
335 2856 487 2943 νέμονται]
503 2858 627 2936 νέμουσι
640 2859 736 2922 ΜΝ.

243 2977 320 3038 444.
354 2958 563 3044 ὀξιπρᾴραισι]
591 2958 697 3045 Vulgo
724 2959 791 3023 siue
814 2960 879 3023 iota
902 2961 1088 3048 atrbauipto.
1122 2965 1300 3042 όξηόραιαι

203 3057 279 3122 Ald.
301 3062 473 3140 όξιπόροισι
488 3062 576 3145 Lips
614 3082 625 3099 '

244 3178 426 3245 425—435.
441 3163 549 3249 Epodi
564 3163 661 3248 hujus
672 3178 772 3226 metra
785 3162 1259 3249 vulgosicdsscriptmdm-
1275 3165 1282 3250 Ι

203 3260 373 3341 dopdur’-
389 3263 397 3346 Ι
415 3269 583 3327 Τιτᾶοα-
599 3262 824 3348 ΙἈτλαιιθ’-
842 3263 848 3348 Ι
867 3265 1059 3343 κραταιὸιι-
1076 3265 1083 3349 Ι
1102 3265 1283 3347 νόσοις-Ι

202 3369 411 3441 ξυμπιτιιῦιι-
429 3363 435 3451 Ι
454 3365 636 3431 κελαινὸν-
654 3365 660 3450 Ι
678 3369 777 3445 γᾶς·-
795 3364 801 3450 Ι
820 3363 1033 3426 στόνουσια-.

246 3482 320 3548 425.
335 3464 484 3550 πρόσθεν]
500 3467 634 3546 πρόσθεν
647 3491 705 3527 σου
719 3465 848 3526 Barooc.
862 3478 894 3525 et
909 3461 987 3525 Ald.

247 3564 360 3650 ἄλλοι]
376 3568 481 3629 attor
494 3566 615 3650 aliquot
628 3565 721 3629 codd.
735 3581 767 3628 et
783 3563 861 3629 nid.

247 3668 320 3744 426.
343 3665 605 3748 ἇιιαμαιποδέταις]
631 3665 836 3729 scribendum
857 3664 1154 3741 utinamutinam
1173 3663 1213 3726 N.
1251 3663 1303 3726 Sic

205 3789 236 3828 v.
255 3768 326 3849 148.
340 3766 437 3831 ταῖσδ’
453 3767 717 3846 ἀδαμαντοδέτοισι
730 3768 845 3844 λίνοις.

245 3870 320 3947 428.
336 3869 506 3951 εἰσιδόμαν]
524 3869 677 3945 ‘nuum
692 3866 767 3930 Ald.
784 3867 867 3930 Roh.

244 3970 314 4032 dedu
329 3970 369 4032 L.
386 3967 496 4032 Guelf.
511 3968 595 4031 Rob.

243 4070 375 4159 Ἀτλασ]
399 4071 583 4156 Legebstur
599 4067 756 4144 Ἀτλααό,
777 4065 982 4152 ponderosior
996 4084 1092 4148 quam
1115 4083 1189 4147 qua·
1210 4059 1305 4146 hujus

204 4193 310 4235 versus
323 4172 378 4235 fini
391 4188 466 4258 apta
481 4171 626 4234 videatur
647 4170 758 4233 t'orrua.
803 4165 1014 4244 Quamobrem
1037 4161 1157 4225 restitui
1174 4159 1303 4236 'Arban

204 4272 244 4335 de
258 4296 324 4359 quo
337 4273 502 4336 scholiasta
515 4294 644 4358 quoque
664 4268 822 4355 cogitarit,
838 4268 945 4351 inepta
959 4281 1063 4328 tamen
1080 4262 1134 4327 ille
1153 4261 1195 4326 da
1216 4261 1305 4325 litera

204 4371 232 4435 θ’
245 4373 490 4452 comminiscens,
503 4396 578 4460 quae
598 4393 662 4435 noo
677 4393 736 4456 pro
753 4395 787 4432 τε
805 4364 997 4453 ascipieudn,
1012 4363 1067 4428 sed
1081 4361 1215 4427 delenda
1227 4379 1303 4424 erat.

208 4471 321 4536 Scribit
340 4488 447 4537 autem
470 4471 526 4549 ita,
539 4472 576 4535 οὗ
587 4472 684 4550 μόνον
699 4468 815 4534 'Arnas
832 4465 1010 4536 'Athaman
1025 4465 1109 4527 ἄλλό
1127 4462 1176 4523 sal
1191 4458 1306 4523 'Artas
