2978 5062
233 339 299 406 184
595 340 975 409 ANNOTATIONES

275 527 351 597 542.
373 514 503 595 γόμφοις
525 512 635 598 ένάμη]
650 515 796 596 γάμφσισι
817 515 900 598 νωμᾷ
916 508 1143 576 Wakefieldus
1189 511 1251 576 Sed
1275 511 1333 576 lm-

232 613 378 702 perfectis
392 613 532 679 similiter
547 612 649 679 utitur
662 629 755 702 poeta
770 638 800 679 τ.
814 631 892 701 591.

276 716 469 801 ἐκκρονστόν]
495 717 682 783 canutum
707 726 738 781 et
761 719 958 805 promimus.
983 715 1128 803 Anglice‚
1151 717 1332 781 Emhossed.

104 789 106 793 ’
234 819 410 884 mour.

274 940 350 1007 543.
365 918 452 1004 φέρει
466 922 492 985 δ’
507 919 557 1004 ὑφ’
574 922 646 1008 stirpi
661 926 747 1003 φῶτα
756 922 912 1001 Καδμείων
927 919 992 1004 ένα]
1010 919 1061 984 Ita
1076 917 1190 984 scilicet
1203 919 1335 982 adorna-

232 1035 301 1088 tum
316 1038 384 1087 erat
403 1022 553 1110 Sphingis
572 1020 708 1108 signum,
724 1034 760 1086 ut
781 1044 835 1085 ore
857 1035 1017 1108 arreptum
1040 1021 1151 1107 pedem
1176 1020 1225 1085 vel
1247 1021 1334 1085 aliud

233 1125 409 1190 membrum
424 1123 558 1189 hominis
573 1123 731 1188 mordicus
742 1137 871 1203 teneret,
887 1123 1009 1210 reliquo
1022 1123 1091 1210 ejus
1101 1146 1231 1210 corpore
1246 1123 1334 1209 pedi-

231 1227 293 1293 bus
315 1228 465 1316 subjecto.
489 1227 589 1292 SCH.
611 1224 660 1291 ὑπ’
681 1227 754 1306 αὐτῇ
775 1225 911 1291 Vindob.
927 1225 993 1289 duo
1014 1238 1045 1288 et
1064 1225 1147 1289 Rob.
1171 1222 1219 1290 ὑπ’
1243 1224 1334 1305 αὐτὴν

234 1329 342 1395 Guell'.

275 1446 351 1516 544.
367 1431 406 1498 ύς
419 1428 536 1495 πλεῖστ’
553 1428 599 1494 ἐπ’
615 1430 698 1510 ἀνδρὶ
713 1427 779 1515 τῷδ’
796 1428 954 1493 ἰάπτεσθαι
966 1427 1062 1517 βέλη]
1080 1431 1134 1493 Ita
1148 1437 1185 1492 ut
1198 1430 1235 1492 ιἰι
1249 1429 1333 1494 hunc

233 1534 340 1597 vinam
357 1531 435 1616 (scil.
451 1530 597 1595 Thebani
612 1530 688 1595 civis
702 1529 734 1593 in
747 1529 859 1618 clypeo
872 1529 1055 1616 imaginem)
1070 1532 1173 1594 multo
1187 1531 1248 1594 ula
1262 1553 1333 1595 cors-

220 1636 395 1723 jiciootur.
440 1636 514 1698 Hac
535 1633 688 1699 sententia
709 1632 785 1695 nihil
807 1631 893 1695 aliud
915 1631 1119 1718 significatur,
1139 1655 1235 1719 quam
1251 1636 1331 1699 Par-

232 1737 445 1823 thenopoeum‚
459 1748 569 1823 utpote
584 1734 763 1801 bellicosum
779 1734 881 1800 virum
902 1749 933 1799 et
954 1735 985 1798 in
1006 1735 1116 1822 praelio
1134 1758 1247 1815 acrem,
1263 1735 1332 1800 nul-

232 1837 298 1903 lum
329 1852 453 1926 tempus
478 1837 691 1912 intermittere,
718 1837 795 1924 quin
822 1860 937 1925 corpus
960 1837 1106 1924 periculis
1128 1853 1160 1902 et
1184 1840 1331 1926 clypeum

233 1939 368 2005 hostium
385 1939 453 2004 telis
466 1939 593 2027 objiciat
602 1964 613 2020 ;
635 1939 771 2026 indeque
785 1940 817 2003 in
832 1939 908 2004 civis
924 1939 1070 2006 Thebani
1084 1940 1215 2028 effigiem
1232 1941 1333 2007 multa

232 2042 294 2108 tela
308 2042 427 2130 conjici.
473 2045 555 2107 Haec
569 2065 642 2106 sane
657 2040 803 2106 facillima
816 2056 863 2107 est
878 2057 907 2106 et
924 2041 1150 2129 simplicissima
1163 2043 1331 2108 verborum

232 2143 458 2232 interpretatio,
478 2144 511 2208 in
540 2167 606 2231 qua
633 2142 760 2230 quidem
785 2144 1043 2232 acquiescendum
1072 2160 1161 2233 puto,
1188 2145 1245 2210 nisi
1271 2144 1332 2212 hoc

232 2247 325 2312 simul
343 2246 432 2312 innui
449 2246 536 2326 velis,
551 2245 693 2312 consulto
708 2247 972 2335 Parthenopaeum
989 2248 1120 2314 Cadmei
1140 2249 1217 2313 civis
1236 2249 1329 2314 etiam

231 2347 398 2436 imaginem
414 2347 526 2436 clypeo
540 2348 706 2429 addidisse,
722 2365 758 2414 ut
773 2348 970 2436 significaret,
985 2351 1252 2437 quemadmodum
1272 2350 1330 2415 hoc

231 2450 430 2516 simulacrum
453 2449 560 2514 multis
579 2449 715 2515 hostium
736 2449 804 2515 telis
824 2466 962 2537 petatur,
979 2451 1021 2516 sic
1037 2451 1186 2539 seipsum
1202 2475 1331 2539 quoque

231 2552 348 2619 multos
363 2551 533 2617 Thebanos
546 2551 733 2618 occisurum.
766 2552 829 2617 Sed
844 2552 1022 2618 reconditus
1035 2553 1087 2619 hic
1101 2568 1148 2619 est
1162 2554 1329 2618 verborum

232 2678 350 2733 sensus,
365 2678 430 2742 quo
449 2654 540 2719 facile
561 2677 664 2720 carere
686 2679 860 2743 possumus.
906 2656 1085 2736 Etenim,si
1104 2656 1231 2744 cogites,
1246 2679 1327 2720 nun·

231 2760 310 2827 tium
335 2758 484 2824 continuo
513 2759 655 2845 sequenti
680 2783 772 2825 versu
800 2760 842 2825 ad
866 2759 1082 2825 fortitudinem
1110 2760 1330 2847 Parthenopoei

231 2859 466 2926 describendam
481 2860 628 2926 transire:

362 2987 459 3051 ἐλθὸν
473 2987 497 3050 δ’
514 2985 611 3051 έσικεν
625 2988 660 3052 ού
675 2991 875 3068 καπηλεύσειν
888 2987 998 3072 μάχην,

232 3112 309 3178 nihil
323 3111 408 3178 aliud
423 3111 560 3178 indicare
575 3112 700 3179 videtur
714 3113 784 3192 ista,
799 3137 873 3201 quoe
887 3111 1046 3201 praecedit,
1061 3112 1248 3190 observatio,

358 3241 398 3308 ὦς
410 3238 528 3306 πλεῖστ’
544 3240 591 3304 ἐπ’
605 3241 690 3323 ἀνδρὶ
703 3239 770 3327 τῷδ’
787 3240 946 3306 ἰάπτεσθαι
958 3238 1048 3319 βέλη,

231 3352 325 3455 quam
344 3367 446 3432 multa
463 3366 496 3430 in
516 3365 661 3455 clypeum
678 3365 909 3453 Parthenopaei,
925 3365 1066 3452 adeoque
1080 3363 1113 3428 in
1127 3364 1225 3450 ipsam
1242 3365 1327 3429 Cad-

231 3469 291 3534 mei
306 3468 382 3533 civis
395 3468 528 3555 effigiem
548 3468 611 3533 tela
631 3469 753 3557 conjici,
768 3468 855 3555 quod
876 3468 942 3532 fieri
967 3489 1028 3531 non
1049 3480 1163 3554 posset,
1177 3465 1235 3530 nisi
1250 3469 1327 3531 Par-

230 3571 416 3658 thenopaeus
439 3570 563 3635 fortiter
587 3585 752 3658 pugnaret,
775 3569 986 3657 clypeumque
1007 3584 1161 3656 perpetuo
1186 3567 1328 3633 hostibus

229 3672 416 3737 obverteret.
440 3673 571 3759 (Itaque
586 3672 629 3736 sic
644 3674 806 3736 Homerus
821 3669 913 3736 Iliad.
926 3675 962 3735 Λ.
974 3691 1039 3756 570
1054 3693 1133 3756 sqq,
1150 3668 1204 3733 ubi
1220 3670 1328 3757 Ajacis

229 3774 445 3839 fortitudinem
470 3772 632 3861 praedicat,
655 3773 755 3838 multa
778 3772 915 3838 hostium
937 3771 1044 3858 jacula
1069 3771 1181 3858 partim
1205 3771 1237 3835 in
1259 3774 1328 3859 ejus

229 3876 351 3965 clypeo,
366 3875 479 3963 partim
494 3875 575 3940 circa
593 3898 665 3939 eum
686 3875 717 3939 in
741 3891 823 3941 terra
845 3874 949 3939 defixa
970 3897 1035 3937 esse
1057 3875 1185 3956 narrat.)
1233 3873 1324 3938 Scho-

229 3977 332 4042 liustes
346 3991 480 4065 uterque
493 3977 589 4042 verbu
603 3976 645 4042 sic
659 3976 829 4042 intellexit:
853 3979 952 4040 civem
971 3976 1157 4041 Thebanum
1172 3977 1208 4038 io
1222 3977 1328 4062 clispeo

229 4097 295 4152 tam
317 4090 428 4152 misere
448 4111 470 4151 α
492 4088 639 4175 Sphinga
658 4088 829 4152 laceratum
852 4108 928 4165 ease,
948 4088 1040 4173 qraosi
1061 4085 1170 4150 multis
1191 4085 1325 4149 hostium

230 4191 299 4254 telis
312 4190 605 4274 laceratusfitisset.
630 4191 670 4254 Id
686 4201 791 4254 autem
807 4188 895 4253 nullo
908 4201 1001 4276 pacto
1014 4210 1032 4251 e
1047 4188 1213 4252 verborum
1229 4204 1327 4252 struc-

230 4303 302 4353 tura
315 4289 393 4354 effici
409 4304 523 4378 potest.
548 4291 649 4354 SCH.

270 4412 345 4477 545.
368 4393 403 4456 ού
418 4393 616 4470 καπηλεύσειν
629 4391 740 4479 μάχην]
757 4395 935 4472 καπηλεύειν
951 4391 1077 4479 proprie
1096 4405 1155 4469 cst,
1172 4399 1203 4454 to
1221 4391 1325 4454 retoil.

230 4492 365 4580 Anglice
376 4492 503 4559 veterim
519 4493 604 4558 hunc
615 4492 731 4574 locum,
743 4495 799 4559 He
809 4494 968 4583 willfigltt
977 4495 1019 4580 do
1030 4491 1207 4566 wholcaolc3
1231 4513 1326 4578 quem
