2978 5062
462 306 529 369 Al)
552 305 911 369 PROMETHEUM.
1197 293 1257 373 93'

139 475 376 562 descriptionem
391 475 569 539 vaticinanti
585 475 774 539 Prometheo
790 474 917 537 tribuat.
942 474 977 537 Is
991 472 1089 559 igitur
1104 471 1243 559 primum

143 580 181 641 lo
191 579 284 664 jubet
298 578 338 642 ad
354 578 504 642 orientem
519 600 699 641 conversam
715 576 848 640 incultas
863 591 962 640 terras
976 575 1163 661 pertransire

269 717 385 792 πρῶτον
399 713 455 790 μὲν
471 710 582 776 ἐνθένδ’
598 713 685 790 ἡλίου
699 712 774 792 πρδς
788 713 920 777 ἀντολὰς

271 813 434 895 στρέψασα
448 813 571 892 σαυτὴν,
587 811 682 895 στεῖχ’
698 815 859 895 ἀνηρότους
874 814 956 894 γόος.

144 946 226 1024 Quia
252 947 291 1008 Io
316 945 482 1011 videbatur
507 946 745 1033 septentrionem
770 969 879 1010 versus
908 947 1001 1023 itura,
1026 947 1244 1025 Prometheus,

143 1070 237 1134 quem
260 1047 304 1112 ita
326 1046 366 1110 ad
389 1069 498 1133 rupem
523 1046 700 1135 Scythicam
723 1047 885 1134 alligatum
908 1047 1005 1111 fuisse
1026 1049 1191 1126 sumimus,
1208 1063 1245 1113 ut

143 1151 223 1215 facie
238 1171 345 1213 versus
360 1148 560 1213 Occidentem
578 1149 741 1214 hibernum
763 1172 931 1214 conversus
948 1166 1038 1227 esset,
1054 1149 1133 1214 bene
1145 1150 1246 1215 dicere

145 1264 268 1337 poterat
289 1250 453 1333 στρέψασα
474 1251 595 1328 σαυτὴν,
616 1273 687 1314 cum
712 1273 791 1322 eam,
810 1273 849 1313 ne
864 1273 973 1314 versus
996 1250 1245 1336 Septentrionem

145 1369 298 1441 pergeret,
313 1351 367 1415 sed
382 1351 422 1415 ad
440 1351 599 1415 Orientem
615 1374 648 1415 se
662 1365 867 1429 converteret,
882 1351 1083 1415 admonebat.

190 1455 306 1539 Itaque
322 1453 389 1539 jam
410 1452 453 1516 sic
473 1452 624 1539 pergebat
639 1453 689 1531 Io,
706 1467 742 1516 ut
761 1452 917 1517 asinistra
932 1453 963 1516 in
981 1454 1114 1541 Scythas
1130 1456 1248 1519 Noma-

146 1556 202 1619 das
223 1554 382 1632 incideret,
401 1552 457 1640 qui
478 1553 670 1618 Hamaxobii
693 1554 945 1633 nominabantur,
966 1578 986 1620 a
1007 1556 1120 1622 dextra
1141 1572 1262 1622 autem·

147 1680 232 1721 mare
257 1656 397 1720 haberet.
443 1656 540 1720 Hanc
562 1655 707 1742 AEschyli
735 1656 918 1720 sententiam
940 1657 1036 1722 fuisse
1058 1659 1177 1724 clarum
1199 1677 1247 1724 est

147 1781 185 1822 ex
201 1758 259 1836 his,
274 1757 329 1843 qui
345 1776 534 1844 sequuntur,
550 1758 728 1823 versiculis:

278 1895 392 1961 Σκόθας
406 1896 430 1957 δ’
446 1891 538 1976 ἀφίξῃ
554 1893 684 1974 νομάδας
698 1931 741 1942 -
754 1931 800 1944 .-

277 1997 321 2063 οἶς
334 1996 374 2074 μὴ
388 1994 539 2072 πελάζειν,
556 1994 624 2058 ἀλλ’
640 1997 811 2063 ἁλιστόνοις
824 1998 918 2063 πόδας

276 2099 466 2181 ΧΡῖμπΤῡυσᾱ
478 2098 633 2180 ῥαχίαισιν
647 2099 776 2178 ἐκπερᾶν
789 2100 895 2180 χθόνα.

147 2232 265 2315 Ῥαχίαι
293 2233 448 2295 δλίστουοι
472 2232 569 2295 litora
594 2240 745 2294 montana
770 2233 871 2294 maris
895 2231 990 2294 αῑδὶςυ
1015 2233 1250 2317 perstrepentia

148 2334 242 2398 maris
262 2333 395 2419 alicujus
415 2332 557 2396 viciniam
580 2331 766 2417 designant;
791 2355 838 2409 ac,
862 2331 918 2395 nisi
935 2331 1124 2417 AEsclrylum
1148 2331 1250 2417 plane,

149 2435 225 2521 quid
248 2435 373 2511 dixerit,
392 2433 549 2518 ignorasse
571 2433 783 2511 statuerimus,
802 2445 924 2496 necesse
946 2447 1003 2508 est,
1019 2455 1091 2496 eum
1115 2433 1174 2497 sub
1195 2437 1248 2515 ῥα-

150 2539 230 2621 χίαις
244 2538 413 2601 ἁλιστόνοις
428 2534 613 2598 intellexisse
625 2534 715 2599 litora
725 2534 850 2622 paludis
863 2534 1033 2612 Maeotidis,
1044 2559 1117 2621 quoe
1129 2535 1249 2621 utique,

151 2638 231 2700 silo
246 2660 353 2701 versus
366 2636 515 2700 orientem
531 2650 687 2722 pergeret,
703 2636 730 2699 ci
751 2659 770 2698 a
790 2635 901 2699 dextra
923 2635 982 2699 sita
1003 2650 1102 2713 erant,
1119 2636 1249 2721 quibus-

151 2762 214 2825 que
229 2739 254 2802 si
269 2738 555 2825 appropinquabat,
570 2738 709 2823 effugere
726 2735 838 2802 licebat
861 2736 994 2822 Scythas
1009 2737 1178 2815 Nomadas,
1195 2738 1251 2825 qui

150 2841 274 2926 longius
287 2864 307 2905 a
320 2840 437 2928 palude
453 2839 604 2905 Maeotide
619 2863 727 2903 versus
742 2839 991 2926 Septentrionem
1007 2838 1203 2903 recedebant.

194 2946 281 3007 Tum
306 2966 379 3006 vero
402 2942 451 3006 loi
474 2941 604 3005 ulterius
626 2941 829 3029 proficiscenti
856 2965 875 3005 a
900 2941 1023 3005 sinistra
1048 2943 1252 3005 occurrebant

151 3044 287 3108 bellicosi
309 3058 341 3107 et
358 3043 558 3130 inhospitales
573 3041 740 3129 Chalybes.
786 3045 831 3107 Et
849 3044 907 3108 hos
922 3043 1050 3129 quidem
1066 3042 1142 3106 alios
1157 3044 1253 3106 fnisse

153 3169 275 3210 necesse
296 3163 353 3220 cst,
370 3168 465 3232 quam
487 3146 542 3232 qui
557 3145 653 3230 vulgo
675 3160 887 3208 memorantur
902 3145 982 3208 circa
996 3144 1126 3207 fluvium
1145 3145 1251 3208 Ther·

153 3246 342 3310 modontem.
367 3249 490 3334 Nempe
499 3248 565 3334 jam
581 3246 655 3310 alibi
670 3246 915 3322 observavimus,
932 3245 1112 3330 Chalybum
1130 3246 1254 3310 nomine

154 3348 330 3436 complures
350 3348 423 3411 olim
446 3363 554 3435 gentes
576 3347 714 3412 locorum
737 3346 905 3411 intervallis
931 3346 1053 3410 dissitas
1081 3347 1254 3411 nominatas

155 3450 259 3514 fuisse.
305 3451 351 3513 Hi
365 3450 464 3536 igitur
477 3450 559 3515 intra
574 3450 801 3535 Borysthenem
818 3462 849 3512 et
866 3447 988 3511 Tanain
1011 3447 1205 3523 habitabant,
1221 3449 1252 3512 in

156 3552 266 3617 vicinia
278 3552 465 3638 Scytharum
483 3551 766 3629 Hamaxobiorum,
777 3550 821 3615 ita
834 3566 870 3615 ut
883 3574 936 3615 eos
949 3574 969 3614 a
983 3551 1104 3615 sinistra
1120 3553 1159 3614 lo
1173 3573 1255 3637 prae-

156 3653 271 3718 teriret.

200 3754 274 3818 Jam
300 3754 340 3817 Io
361 3753 404 3848 ad¹
425 3753 557 3817 fluvium
584 3753 741 3838 quendam
765 3755 939 3843 Hybristen
964 3754 1036 3817 olim
1063 3753 1254 3840 appellatum

157 3871 346 3942 perventura
360 3872 436 3919 erat.
482 3858 521 3919 In
537 3856 595 3920 hoc
610 3855 692 3919 enim
708 3856 860 3920 versiculo

326 3992 404 4069 ἥξεις
418 3990 563 4071 ὑβριστὴν
576 3991 711 4070 ποταμὸν
725 3992 760 4054 οὗ
774 3995 972 4073 ψευδώνυμον

157 4147 262 4189 vocem
285 4125 432 4206 ὑβριστὴν
451 4147 512 4188 που
535 4123 771 4210 appellativum,
796 4125 849 4187 sed
872 4146 983 4188 nomen
1009 4123 1169 4210 proprium
1194 4149 1259 4191 esse

158 4249 254 4313 supra
277 4227 316 4289 ad
341 4226 373 4289 h.
394 4250 424 4290 v.
450 4225 624 4289 docuimus.
671 4226 739 4289 Nec
768 4228 902 4302 Araxes,
928 4241 963 4290 nt
992 4226 1175 4305 scholiastae,
1205 4252 1260 4292 nec

158 4332 297 4414 Aragns,
325 4343 359 4390 ut
387 4326 499 4391 Gallus
524 4327 676 4413 interpres
703 4327 861 4413 opinatur,
889 4329 917 4392 h.
943 4328 961 4390 l.
990 4328 1119 4414 intelligi
1148 4344 1261 4415 potest.

158 4431 304 4515 Uterque
318 4429 400 4493 enim
416 4429 556 4515 regiones
577 4452 595 4491 a
620 4428 815 4493 meridionali
838 4446 926 4515 parte
943 4432 1084 4495 Caucaso
1107 4432 1262 4517 subjectas
