2978 5062
321 367 391 431 AD
414 367 605 432 SEPTEM
629 368 1105 438 ADVERSUSTHEBAS.
1202 367 1266 437 191

208 532 284 616 588.
307 533 463 616 κεκευθὼς]
482 534 628 620 Οροτίιιι.
653 534 793 620 Κεραυνῷ
815 537 873 616 γδρ
888 539 1051 618 σχισθεῖσα
1064 536 1083 614 ἡ
1097 538 1136 618 γῆ
1151 536 1266 615 ἔλαβεν

167 633 267 697 αὐτόν.
286 633 389 699 Schol.
417 634 545 700 Pindar.
561 634 612 700 Ol.
628 635 722 714 6,18.
737 636 876 719 Ἀγησία,
891 637 938 701 τὶν
952 634 976 699 δ’
993 635 1075 703 αἶνος
1090 637 1215 717 ἕτοιμος,
1230 636 1274 703 δνῖ

168 736 202 800 ἐν
216 738 281 821 δίκ9
294 737 353 800 θπδ
368 738 512 818 γλώσσας
528 735 698 819 Ἀδραστος
711 737 818 817 μθντιν
832 738 995 802 Οἰκλείδαν
1008 735 1073 801 ποτ’
1090 739 1121 804 ἐς
1134 736 1270 820 Ἀμφιθε

166 863 241 918 ραον
256 836 409 920 φθέγξατ’,
427 840 491 903 ἐπεὶ
509 842 584 904 κατὰ
605 837 669 921 γαῖ’
691 839 782 903 αὐτόν
802 865 835 903 τε
858 863 904 902 νιν
926 840 975 903 καὶ
997 840 1138 920 φαιδίμας
1159 841 1273 908 ἵππους,

84 936 87 942 ’
168 939 312 1022 ἔμαρψεν.
331 954 416 1003 totus
429 962 502 1004 vero
520 941 607 1004 locus
628 939 856 1026 pulcherrimus
875 955 932 1004 est.
950 941 1043 1005 Nem.
1059 960 1106 1005 10.
1124 960 1173 1020 14.
1190 946 1273 1005 Γαῖα

167 1039 192 1102 δ’
213 1043 247 1105 ἐν
264 1041 384 1120 Θήβαις
401 1039 542 1104 ὑπέδεκτο
566 1046 785 1123 κεραυνωθεῖσα
800 1042 873 1109 Διδς
892 1042 1003 1121 βέλεσι
1023 1042 1130 1122 μθντιν
1143 1044 1274 1108 Οίκλεί·Ι

168 1144 232 1205 δαν.
256 1142 430 1207 BLOMF.

210 1242 283 1326 ύπδ]
301 1245 350 1307 ἐπὶ
364 1242 483 1330 aliquot
499 1244 603 1322 codd,
618 1243 699 1309 inter
713 1267 793 1330 quos
808 1245 859 1320 M,
875 1259 907 1308 et
921 1243 1006 1308 Rob.
1272 1296 1275 1301 <

210 1343 285 1426 589.
307 1343 400 1421 Quod
421 1344 495 1409 dicit
512 1347 565 1409 οὐκ
580 1347 685 1426 ἄτιμον
699 1348 806 1422 ἐλπίζω
820 1348 924 1426 μόρον,
939 1369 977 1409 eo
990 1359 1097 1432 aperte
1112 1343 1270 1431 significat

168 1464 200 1505 se
214 1458 299 1507 certo
313 1443 500 1531 periturum,
517 1470 641 1533 sperare
655 1464 758 1512 tamen
774 1471 806 1511 se
820 1446 938 1534 aliquid
959 1445 1099 1532 praeclari
1112 1462 1185 1511 ante
1198 1447 1265 1512 fac·

168 1556 275 1609 turum
298 1571 374 1625 esse,
394 1549 473 1613 sicut
488 1549 614 1613 Orestes
635 1548 667 1612 in
689 1548 1102 1636 Eurip.1ph.Taur.321.
1127 1548 1263 1628 Πυλάδη,

168 1649 334 1728 θανούμεθ’·
359 1651 431 1713 ἀλλ’
450 1651 529 1717 ὅπως
551 1652 720 1730 θανούμεθα
741 1648 901 1724 Κύλλισθ,
925 1653 997 1714 ἑποῦ
1018 1676 1078 1731 μοι,
1102 1649 1265 1732 φάσγανον

168 1748 287 1816 σπάσας
308 1752 384 1833 χερί
406 1750 450 1815 ita
471 1751 552 1814 enim
576 1750 816 1837 distinguendus
836 1764 884 1814 est
900 1751 959 1815 iste
973 1750 1069 1816 locus.
1085 1751 1173 1839 Cycl.
1192 1771 1264 1818 200.

163 1845 267 1926 Ἀλλ’,
293 1854 319 1915 εί
344 1857 447 1916 θανεῖν
472 1856 526 1926 δεῖ,
550 1851 760 1932 κατθανούμεθ’
784 1852 920 1918 εὐκλεῶς.
957 1852 1010 1916 Cf.
1034 1854 1263 1939 Agam.1281.

168 1948 331 2037 Aristoph.
347 1952 459 2039 Equit.
474 1955 525 2017 80.
549 1954 723 2019 BLOMF.
1271 1987 1273 1990 ·

209 2071 285 2134 59ο.
309 2054 388 2136 ἔχων
402 2078 460 2142 pro
475 2055 572 2136 νέμον
586 2054 663 2119 Ald.
680 2054 762 2119 Rob.
778 2054 900 2118 codices
913 2053 1055 2139 quidam,
1070 2069 1102 2119 et
1120 2055 1215 2121 schol.
1231 2055 1272 2121 iu¹

168 2153 284 2240 Eurip.
311 2155 425 2220 Phoen.
449 2158 542 2221 1118.
567 2157 622 2243 qui
648 2155 679 2219 in
708 2155 853 2243 proximo
877 2179 968 2220 versu
995 2156 1067 2238 ἕρπε
1096 2179 1154 2243 pro
1179 2158 1264 2237 ηύδα.

169 2255 342 2320 BLOMF.
365 2258 444 2341 ἔχων
460 2259 521 2340 (γρ.
538 2257 650 2340 νέμον)
667 2258 717 2321 Μ.
740 2263 845 2337 νωμῶν
859 2258 967 2343 Mosq.
985 2279 1076 2321 unus.

209 2374 284 2442 592.
299 2363 398 2424 δοκεῖν
413 2361 547 2448 ἄριστος]
564 2365 663 2425 δοκεῖν
675 2360 786 2427 δίκαιος
796 2359 938 2446 praetulit
947 2357 1162 2435 Blomfieldus,
1173 2357 1265 2444 cujus

167 2457 234 2523 haee
256 2472 302 2523 est
323 2462 484 2526 annotatio
499 2469 521 2501 “
532 2463 584 2526 Ita
600 2463 775 2526 Poraonus:
799 2460 1011 2526 eeteriomnes
1025 2461 1276 2542 δακεῖνθριντος.Ι

169 2563 299 2630 ίδίκαιος
314 2564 406 2627 Plelo
420 2564 488 2628 Pol.
506 2582 534 2629 2.
552 2587 588 2650 p.
604 2565 678 2649 362.
694 2564 734 2629 A.
758 2565 922 2629 Plutarch.
937 2563 1072 2628 Aristid.
1081 2586 1120 2650 p.
1134 2579 1210 2647 320.
1227 2561 1266 2626 C.

168 2661 317 2725 Damone.
343 2664 433 2750 opud
454 2664 600 2728 Plotium
621 2686 701 2752 pag.
728 2683 821 2749 1032,
843 2681 896 2750 55.
928 2663 982 2728 uhi
1007 2663 1088 2726 udde
1112 2664 1185 2726 κατδ
1212 2660 1267 2726 τδν

167 2765 325 2846 Αἰσχύλον
346 2785 387 2827 ον
412 2766 527 2844 Suido,
554 2768 609 2852 qui
632 2767 732 2830 locam
755 2768 925 2854 exscripsit
949 2789 978 2831 υ.
1002 2768 1121 2832 δίκαιος.
1147 2765 1267 2846 ἄριστος

167 2872 271 2928 lamen
299 2866 389 2930 hobel
413 2867 604 2932 Plutarchus
627 2868 784 2956 Αρορθθι.
808 2891 842 2955 ρ.
861 2869 931 2932 186.
951 2869 993 2932 Β.
1020 2869 1116 2932 eliani
1138 2866 1267 2952 respicit

168 2966 314 3031 Basilius
327 2968 365 3031 de
378 2968 440 3054 leg.
458 2969 598 3033 Groecor.
614 2969 686 3034 libr.
699 2993 733 3057 ρ.
749 2988 801 3054 9ο.
817 2969 863 3034 ed.
881 2972 971 3035 Grot.
1011 2970 1059 3034 cl.
1075 2967 1267 3032 Alexandri·

167 3088 230 3131 nus
244 3069 362 3133 Sermo.
377 3089 403 3132 1.
419 3092 451 3156 p.
466 3089 542 3155 319,
559 3089 610 3135 οι.
630 3073 741 3139 δίκαιος
759 3072 881 3137 Saldo-5
903 3094 934 3137 υ.
954 3071 1115 3152 δοκιμάσας
1135 3072 1172 3132 ιά
1193 3069 1264 3134 edd.

167 3168 256 3231 Med.
271 3170 343 3233 Ali.
359 3182 401 3248 et,
415 3171 572 3250 αίίαιίντιο,
588 3173 725 3256 Sopater
744 3175 780 3236 in
795 3175 954 3260 Hermog.
970 3174 1055 3237 inter
1068 3171 1146 3234 Αίθῖ
1160 3171 1265 3236 Illam.

168 3270 228 3335 vol.
245 3289 275 3336 2.
294 3294 331 3357 ρ.
349 3273 412 3357 5ο)
445 3274 488 3336 R.
504 3274 544 3336 P.
576 3272 717 3337 Platonis
738 3286 769 3337 et
792 3273 953 3337 Plutarchi
974 3272 1057 3336 locos
1077 3269 1267 3335 indicaverat

168 3371 324 3436 Abreaeh.
346 3373 547 3437 Damaseium
571 3373 693 3437 addidit
715 3373 886 3438 Ruhnken.
910 3373 950 3437 ad
974 3371 1133 3435 Timaeum
1156 3392 1187 3456 p.
1210 3373 1264 3454 58.

168 3471 221 3535 sed
242 3494 350 3536 omnes
367 3474 557 3559 jamdudum
580 3498 651 3539 cum
668 3473 822 3561 AEschylo
841 3472 1016 3538 contulerat
1031 3470 1211 3536 Gataherus
1224 3471 1265 3535 ad

169 3572 220 3636 M.
242 3574 394 3640 Antonin.
417 3577 447 3650 8,
467 3596 492 3640 1.
512 3598 544 3662 p.
569 3595 641 3660 294.
667 3577 788 3658 ἄριστος
810 3575 902 3639 etiam
928 3573 1087 3638 Plutarch.
1115 3572 1156 3636 de
1176 3572 1265 3637 Aud.

169 3676 258 3739 Poet.
273 3696 305 3760 p.
319 3677 374 3760 56.
398 3690 430 3741 et
452 3679 565 3741 Tzetz.
585 3676 667 3742 Chil.
687 3693 720 3762 5,
734 3694 809 3762 995.
823 3679 943 3762 ,δίκαιος
965 3675 1061 3741 schol.
1084 3676 1209 3738 Platon.
1231 3698 1264 3762 p.

170 3797 240 3858 149.
288 3778 336 3840 At
356 3800 429 3840 vero
444 3777 595 3855 Platonis,
611 3777 729 3855 Basilii,
746 3777 914 3856 Damaacii,
939 3777 1045 3842 Suidae
1066 3775 1267 3840 auctoritates

169 3899 262 3940 unam
285 3892 408 3940 tantum
431 3877 556 3952 valent;
585 3878 775 3943 Plutarchus
796 3893 900 3943 autern
925 3877 1069 3966 AEschyli
1092 3876 1187 3941 verba
1208 3898 1267 3962 pro

168 4001 254 4043 more
280 4002 338 4044 suo
359 3979 468 4043 leviter
489 3979 520 4043 in
543 4002 608 4043 rem
631 4002 719 4043 suam
742 3979 905 4044 detorsisse
927 3981 1038 4065 potuit.
1084 3979 1193 4042 Visum
1220 3991 1267 4041 est

168 4095 271 4145 tamen
288 4083 463 4146 Porsonum
479 4081 577 4167 sequi.
622 4079 781 4166 Polynicis
800 4080 924 4166 signum
947 4096 1014 4145 erat
1029 4083 1116 4160 Δίκη,
1130 4079 1216 4166 quod
1237 4080 1266 4144 ei

168 4180 247 4245 salsa
256 4181 392 4268 quadam
405 4182 505 4247 ironia
516 4183 629 4269 objecit
640 4180 866 4268 Amphiaraus,
878 4180 970 4266 cujus
980 4181 1052 4246 albe
1062 4195 1128 4245 erat
1139 4201 1263 4266 paruam

167 4282 225 4347 iste
239 4283 320 4347 enirn
337 4306 399 4348 non
410 4283 564 4370 justitiam
580 4306 647 4370 prat
662 4307 694 4347 se
708 4282 839 4359 ferebat,
855 4280 920 4358 sed,
934 4296 970 4345 ut
982 4283 1075 4360 Cato,
1090 4304 1266 4367 essequam

168 4383 266 4448 videri
281 4385 427 4450 malebat.
450 4386 570 4467 ἄριστος
584 4385 688 4449 forsan
703 4384 827 4471 irrepsit
841 4406 897 4446 ev.
908 4384 983 4468 566.
999 4386 1110 4450 δίκαιος
1123 4383 1267 4449 firmatur

168 4509 232 4552 av.
249 4488 828 4572 594.Εαιοεα.419.11λύεινδικαίος
847 4491 967 4566 μᾶλλον
988 4485 1007 4566 ἦ
1027 4491 1136 4568 πρᾶξαι
1157 4485 1267 4554 θέλεις.
