2978 5062
337 348 406 412 ΑΙ)
430 349 621 413 SEPTEM
645 350 893 415 ADVERSUS
916 351 1120 415 THEBAS.
1216 351 1280 422 193

184 517 272 591 οἰζύν.
303 516 335 593 ἐξ
357 516 392 580 οὗ
415 516 562 581 Eustath.
584 516 625 580 ad
650 516 742 583 Iliad.
766 523 803 581 A.
831 541 896 604 qua
919 519 1033 605 pagina
1055 543 1116 584 non
1143 519 1280 586 memini.

183 617 359 682 BLOMF.
405 617 595 682 Revocanda
609 618 759 683 librorum
775 620 929 706 scriptura
945 619 987 699 ἐξ.

225 720 300 803 596.
322 719 421 803 θεοὺς]
445 721 516 784 θεὸν
538 720 632 784 habet
649 719 800 785 Collectio
822 724 1053 787 Sententiarum
1072 747 1110 787 ex
1127 723 1281 810 AEsohylo

184 820 258 883 MS.
274 822 404 885 Barooc.
419 820 471 885 68.
493 821 584 909 cujus
605 822 745 887 notitiam
768 823 940 888 Gaisfordii
961 824 1148 891 humanitati
1170 825 1278 890 debeo.

184 923 359 989 BLOMF.

224 1041 298 1110 597.
328 1026 460 1111 βροτοῖς]
485 1026 612 1107 βροτοὺς
641 1049 658 1089 e
684 1027 811 1092 Barocc.
837 1029 998 1093 annotavit
1024 1032 1198 1107 Burtonus,
1225 1029 1280 1093 sed

182 1149 297 1204 errore,
312 1142 348 1192 ut
361 1127 481 1216 opinor.
506 1128 681 1192 BLOMF.

224 1230 302 1314 598.
324 1228 587 1314 δυσσεβεστέροις]
609 1228 863 1308 δυσσεβεστότοις
883 1231 977 1297 codd.
1000 1232 1120 1319 aliquot
1141 1249 1172 1297 et
1193 1232 1278 1297 Rob.

185 1331 278 1409 Quod
292 1331 536 1419 praeferendum.

225 1453 299 1518 599.
315 1434 433 1513 ὁμιλίας
447 1433 546 1517 κακῆς]
562 1431 733 1517 Euripides
749 1432 889 1520 Supplic.
907 1453 979 1519 223.

313 1563 411 1627 κοινὰς
425 1561 513 1641 γᾶρὸ
529 1560 597 1626 θεὸς
609 1562 661 1626 τὰς
675 1561 767 1643 τύχας
780 1560 944 1641 ἡγούμενος

310 1666 372 1728 τοῖς
386 1665 439 1724 τοῦ
454 1665 615 1728 νοσοῦντος
628 1659 761 1740 πήμασιν
776 1663 922 1726 διώλεσεν

310 1762 364 1826 τὸν
378 1761 414 1824 ού
428 1766 577 1826 νοσοῦντα
591 1763 696 1827 κούδὲν
709 1764 875 1843 ἠδικηκότα.

184 1892 297 1956 Horat.
314 1889 376 1955 Od.
392 1909 424 1975 3,
441 1908 470 1968 2,
485 1909 537 1973 31.

440 2015 649 2093 —vetabo,
663 2016 717 2101 qui
735 2017 857 2081 Cereris
871 2039 992 2080 sacrum

311 2116 457 2203 Vulgarit
471 2139 603 2194 aroanae,
620 2117 679 2182 sub
693 2116 801 2182 iisdem

355 2219 404 2283 Sit
418 2218 569 2297 trabibus,
585 2218 791 2306 fragilemque
805 2242 926 2283 mecum

312 2319 419 2385 Solvat
433 2320 605 2406 phaselum.
652 2323 744 2407 Saepe
758 2319 917 2407 Diespiter

311 2421 482 2509 Neglectus
495 2421 612 2487 incesto
625 2421 747 2487 addidit
761 2421 928 2508 integrum.
953 2423 1119 2487 STANL.

225 2551 300 2613 600.
316 2548 417 2613 κάκιον
430 2550 530 2633 οὐδὲν]
548 2550 635 2613 οὐδὲν
650 2548 752 2613 κάκιον
767 2547 865 2612 oodex
882 2570 975 2611 uuus.

225 2652 299 2715 601.
316 2650 408 2731 Ἀτης
429 2653 540 2733 ἄρουρα
561 2651 690 2715 θάνατον
705 2651 920 2737 ἐκκαρπίζεται]
938 2651 1037 2713 Hunc
1052 2672 1175 2714 versum
1192 2651 1277 2716 unci·

181 2751 264 2816 nulis
278 2751 470 2817 incluserunt
491 2753 620 2817 Sohuta.
637 2754 767 2816 Porson.
817 2751 950 2815 Videtur
964 2751 1104 2815 senarius
1119 2754 1278 2840 proverbi·

180 2853 237 2919 alis
250 2853 356 2933 fuisse,
371 2853 426 2940 qui
441 2878 460 2918 a
473 2852 587 2919 lectore
601 2854 737 2940 quodam
753 2853 902 2940 diligente
916 2853 1048 2939 margini
1063 2853 1218 2941 appictus‚
1233 2854 1278 2920 ita

181 2958 212 3021 in
239 2972 359 3022 textum
386 2956 526 3044 irrepsit:
558 2957 621 3021 vid.
645 2959 732 3021 Pers.
753 2959 826 3023 822.
871 2956 968 3021 Adde
993 2956 1079 3042 quod
1105 2960 1278 3039 καρπίζομαι

181 3082 335 3146 nusquam
351 3083 370 3123 a
384 3059 508 3146 tragicis
527 3060 558 3123 in
583 3060 640 3124 hoc
660 3083 750 3123 sensu
771 3059 909 3145 ponitur,
924 3057 978 3122 sed
999 3063 1173 3140 καρποῦμαι,
1196 3082 1277 3146 prra-

181 3179 323 3247 terquam
347 3161 379 3224 in
404 3161 517 3248 Eurip.
545 3160 679 3248 Hippol.
704 3180 779 3246 437.
802 3159 857 3225 ubi
881 3174 964 3225 recte
989 3160 1095 3224 Aldus
1122 3162 1276 3239 κομίζεται.

182 3263 373 3330 Valckenaer.
398 3263 439 3327 ad
463 3263 595 3351 Hippol.
615 3283 688 3349 431.
712 3264 796 3326 hunc
815 3285 939 3326 versum
962 3261 1069 3326 laudat
1091 3261 1180 3346 quasi
1204 3261 1276 3324 uni·

179 3388 264 3444 oum,
287 3367 374 3452 quod
397 3366 483 3452 apud
506 3382 624 3430 veteres
647 3380 760 3443 exstat,
781 3363 960 3450 exemplum
985 3361 1072 3426 verbi
1092 3364 1276 3442 καρπύζομαι.

180 3469 354 3533 BLOMF.
401 3470 532 3532 Versum
562 3468 603 3531 ab
631 3466 756 3530 homine
787 3464 965 3530 Christiano
992 3463 1184 3549 adscriptum
1211 3486 1277 3529 esse

179 3569 380 3658 probabiliter
394 3569 525 3656 conjecit
540 3569 698 3634 Dobraeus
712 3569 884 3633 Adversar.
900 3569 960 3632 vol.
974 3587 1001 3631 1.
1017 3589 1048 3653 p.
1064 3586 1140 3650 344.
1180 3566 1276 3630 Sobo-

179 3672 268 3737 liasta
283 3672 326 3736 sic
339 3671 572 3759 interpretatur,
586 3673 681 3750 λύμης
695 3671 806 3754 χωρίον
820 3670 838 3749 ἡ
852 3675 911 3733 τῶν
924 3673 1061 3751 πονηρῶν
1075 3668 1174 3748 φιλία.

223 3777 296 3838 602.
311 3773 342 3858 ἦ]
358 3774 458 3836 Error
472 3772 645 3858 typothetae
660 3795 718 3859 pro
732 3772 760 3852 ἢ.

221 3871 393 3956 ξυνεισβὰς]
410 3871 615 3935 Scribendum
630 3874 789 3954 ξυνεσβάς.

222 3976 297 4059 603.
315 3976 450 4037 ναύταισι
465 3972 679 4037 lllomlieldus.
703 3976 826 4061 ναύτῃσι
840 3974 921 4039 libri.

220 4074 350 4159 θερμοῖς]
366 4074 529 4149 Fervida,
544 4075 705 4161 improbis.
751 4075 885 4140 Photius
899 4087 930 4138 et
947 4073 1035 4139 Suid.
1052 4072 1181 4153 Θερμός.
1205 4077 1275 4154 θρα.

178 4177 243 4243 σύς.
259 4178 396 4240 Eumen.
413 4177 488 4261 563.
505 4177 585 4258 Γελᾷ
600 4174 624 4239 δ’
645 4178 661 4239 ὁ
684 4178 796 4256 δαίμων
811 4178 854 4241 ἐπ’
871 4177 956 4258 ἀνδρὶ
978 4179 1085 4260 θερμῷ.
1110 4174 1212 4239 Schol.
1235 4176 1277 4241 ad

179 4276 323 4363 Cboeph.
348 4280 420 4358 627.
451 4276 586 4364 explicat
614 4276 799 4359 δθέρμαντον
822 4302 879 4366 per
908 4277 1104 4359 ἆθράσυντον.
1131 4276 1276 4364 Sophocl.

177 4380 292 4464 Antig.
308 4380 360 4443 88.
383 4378 494 4459 θερμὴν
513 4379 646 4461 καρδίαν,
664 4380 825 4445 audacem.
848 4379 1013 4466 Aristoph.
1032 4379 1119 4443 Plut.
1135 4398 1209 4463 415.
1233 4377 1278 4445 Ὠ

177 4479 287 4561 θερμὸν
309 4479 399 4562 ἔργον
421 4480 571 4555 κάνόσιον,
596 4481 643 4546 καὶ
664 4481 845 4564 παράνομον.
870 4482 969 4569 Sopb.
986 4481 1120 4548 Philoot.
1136 4501 1209 4567 927.
1233 4480 1278 4547 ’o

701 4604 719 4647 a
735 4583 756 4648 b
