2978 5062
257 329 300 390 22
616 330 995 394 ANNOTA‘I'IONES

301 493 563 558 “Prometheum
581 495 662 559 inter
679 498 763 559 Deos
785 510 922 560 recenset
938 494 1115 570 Catullost,
1130 496 1204 560 item
1230 497 1355 585 Sopho·

256 596 318 660 cles
334 596 448 683 OEdip.
465 597 548 662 conl

471 706 574 782 Χῶρος
587 704 643 780 μὲν
659 702 736 783 ἱερὸς
750 707 806 768 πᾶς
821 699 862 764 ὁδ’
879 699 949 764 ἔστ’·
974 701 1038 784 ἔχει
1053 702 1087 765 δέ
1102 725 1148 766 νιν

386 802 499 881 Σεμνὸς
514 807 679 866 Ποσειδῶν·
704 805 737 866 ἑν
752 801 776 865 δ’
793 805 809 864 ὁ
823 804 974 883 πυρφόρος
988 803 1056 869 θεὸς

383 906 477 966 Τιτὰν
492 906 718 984 Προμηθεύς·-

257 1003 323 1067 Ubi
341 1003 525 1068 Scholiastes
539 1005 573 1066 τὸ
593 1007 745 1085 πυρφόρος
764 1005 831 1071 θεὸς
852 1003 892 1068 de
908 1006 1049 1068 Vulcano
1071 1027 1233 1092 perperam
1256 1006 1354 1071 inter-

256 1118 406 1191 pretatur,
433 1128 506 1191 quae
534 1128 607 1169 vero
635 1105 742 1169 subdit
771 1129 810 1169 ex
838 1105 1067 1193 Apollodorom
1093 1108 1192 1193 magis
1219 1108 1261 1171 ad
1287 1131 1353 1172 rem

255 1221 408 1285 nostram3
431 1204 654 1270 Prometheum
669 1206 701 1268 in
718 1205 890 1270 Academia
908 1207 965 1270 coli
988 1230 1050 1270 una
1070 1231 1140 1272 cum
1158 1208 1306 1273 Minerva
1321 1224 1354 1275 et

256 1308 425 1372 Vulcano.”
440 1309 564 1372 STAN
568 1309 606 1371 L.

298 1411 417 1472 Causas
445 1409 562 1472 irarum
592 1410 683 1472 Jovis
708 1409 739 1472 in
768 1410 989 1474 Prometheum
1017 1410 1177 1474 Hesiodus
1207 1412 1290 1477 hunc
1320 1413 1352 1477 in

255 1510 383 1574 modum
410 1511 582 1574 contexuit.
629 1514 700 1588 Quo
726 1527 865 1598 tempore
892 1511 945 1575 Dii
972 1529 1003 1577 et
1029 1512 1168 1577 homines
1193 1516 1351 1593 Meconae,

254 1634 327 1698 quae
342 1628 450 1698 postea
466 1613 579 1698 Sicyon
594 1613 750 1699 appellata
763 1629 821 1690 est,
836 1614 916 1678 inter
931 1638 963 1678 se
980 1615 1206 1701 disceptabant,
1222 1618 1350 1682 Pmme-

254 1713 345 1778 theus
367 1715 479 1779 Jovem
503 1714 700 1801 decepturus,
723 1717 835 1780 bovem
857 1731 1026 1780 mactatum
1050 1716 1092 1779 sic
1113 1715 1232 1794 divisit,
1260 1733 1295 1782 ut
1318 1719 1351 1783 in

252 1815 350 1879 altera
371 1831 459 1900 parte
483 1839 589 1880 carnes
612 1831 642 1880 et
666 1817 790 1894 viscera,
815 1831 921 1881 ventre
945 1817 1058 1882 bovino
1081 1834 1163 1883 tecta
1190 1842 1253 1883 una
1277 1844 1351 1886 cum

253 1916 346 2002 adipe
360 1917 391 1980 in
408 1917 487 2003 pelle
507 1917 696 1996 reconderet,
712 1920 744 1981 in
767 1918 864 1982 altera
880 1942 953 1983 vero
975 1920 1062 1984 bovis
1084 1944 1152 1985 ossa
1174 1923 1273 1987 multa
1294 1947 1352 2011 per

253 2019 361 2082 dolum
390 2020 497 2083 arvina
524 2035 664 2084 contecta
692 2036 832 2106 poneret.
879 2023 1025 2107 Cumque
1054 2023 1183 2110 Jupiter
1208 2024 1349 2111 iniquam

252 2121 391 2184 carnium
414 2121 611 2206 partitionem
633 2122 808 2198 miraretur,
832 2121 951 2208 quippe
972 2122 1058 2207 quod
1081 2147 1117 2187 ea
1141 2125 1254 2210 portio,
1276 2151 1351 2213 quaa

252 2223 373 2288 ossibus
400 2224 571 2301 constabat,
600 2224 698 2287 multo
724 2224 823 2310 major
851 2223 948 2288 altera
971 2223 1140 2303 videretur,
1166 2225 1296 2292 liberam
1321 2231 1350 2293 ei

147 2338 160 2355 ⁹
252 2327 459 2391 Prometheus
480 2327 637 2412 optionem
661 2325 756 2389 dedit.
802 2325 930 2411 Jupiter
949 2326 1006 2390 etsi
1021 2325 1128 2390 dolum
1145 2327 1271 2392 subesse
1286 2351 1349 2395 non

250 2428 425 2516 ignorabat,
452 2430 600 2515 majorem
631 2443 734 2491 tamen
764 2428 937 2514 portionem
964 2428 1021 2492 sibi
1047 2430 1166 2508 sumsit,
1192 2446 1289 2518 atque
1314 2449 1350 2498 ut

251 2531 329 2595 vidit
352 2554 421 2595 ossa
447 2545 568 2593 tanturn
595 2553 670 2606 esse,
695 2531 893 2594 vehementer
917 2530 1097 2616 indignatus
1118 2548 1174 2595 est.
1221 2535 1273 2597 Ex
1295 2535 1350 2599 illo

250 2632 347 2717 igitur
362 2647 501 2716 tempore
516 2630 578 2694 doli
598 2630 682 2694 illius
698 2652 824 2706 memor,
840 2630 981 2694 victumn
996 2646 1027 2695 et
1042 2632 1146 2718 ignem
1169 2634 1349 2699 hominibus

250 2733 445 2797 abscondidit
471 2749 501 2798 et
524 2732 689 2797 subtraxit.
736 2731 942 2796 Prometheus
963 2747 1068 2796 autem
1090 2733 1194 2819 ignem
1217 2736 1249 2799 in
1272 2760 1349 2802 cava

249 2835 352 2900 ferula
370 2835 532 2922 surripuit,
549 2834 789 2921 hominibusque
809 2833 921 2897 divisit.
965 2835 1094 2920 Jupiter
1109 2856 1192 2914 vero,
1211 2854 1245 2902 ut
1259 2840 1348 2904 aliud

250 2936 366 3001 malum
390 2936 568 3001 hominibus
589 2936 688 3011 daret,
706 2936 880 2999 Vulcanum
899 2935 993 3021 jussit
1012 2935 1163 3022 virginem
1178 2938 1348 3005 formosam

249 3063 267 3103 c
282 3053 364 3103 terra
377 3055 408 3104 et
423 3062 505 3124 aqua
519 3061 632 3116 creare,
645 3060 739 3123 quam
754 3036 900 3099 omnibus
914 3037 1102 3101 ornamentis
1121 3040 1346 3107 circumdatam

251 3142 350 3224 (undo
371 3142 526 3205 Pandorae
549 3141 576 3204 ei
599 3161 711 3203 nomen
734 3139 810 3222 fuit)
835 3139 996 3203 Mercurio
1019 3141 1130 3204 comite
1153 3143 1192 3205 ad
1217 3146 1348 3231 Epime-

249 3243 357 3306 theum
380 3242 471 3306 misit.
518 3242 579 3305 Cui
599 3263 790 3326 quamquam
806 3255 996 3326 preeccperat
1013 3240 1109 3303 frater
1124 3244 1345 3326 Prometheus,

248 3367 288 3408 ne
309 3344 437 3431 quando
460 3365 574 3407 munus
595 3366 614 3406 a
635 3344 717 3405 Jove
738 3340 901 3428 acciperet,
917 3339 970 3403 sed
993 3341 1079 3426 quod
1101 3341 1182 3407 sorte
1203 3346 1346 3413 oblatum

247 3463 337 3525 esset,
353 3446 456 3512 statim
479 3445 660 3521 remitteret,
680 3458 782 3506 tamen
804 3442 831 3504 is
853 3441 961 3504 moniti
982 3441 1143 3506 immemor
1165 3448 1282 3534 recepit
1303 3452 1347 3514 ad

247 3573 280 3614 se
297 3551 483 3622 Pandoram,
501 3569 573 3632 quae
588 3569 660 3611 cum
680 3544 821 3630 pyxiden
838 3540 923 3606 illam
944 3564 1031 3605 suam
1054 3545 1237 3628 aperuisset,
1251 3573 1346 3615 omne

247 3649 400 3715 malorum
422 3672 523 3736 genus
544 3671 600 3734 per
622 3646 761 3710 homines
783 3644 939 3729 dispersit,
955 3644 1018 3706 sola
1039 3666 1092 3729 spe
1107 3645 1137 3707 in
1154 3651 1281 3714 vasculo
1296 3676 1344 3716 re.

278 3896 384 3959 auupt.
399 3895 448 3944 ra.
461 3903 486 3943 a
498 3892 570 3941 rhet.
724 3889 776 3936 1V·
788 3899 820 3948 54
831 3902 880 3948 ua·
1023 3897 1044 3925 m
1058 3887 1137 3935 Versa
1147 3890 1281 3943 amrium
1293 3897 1346 3947 hac

245 3986 318 4026 suntr
335 3977 387 4039 περὶ
403 3978 447 4024 τοῦ
462 3973 506 4021 τδν
518 3969 643 4035 Προμηθέα
658 3969 710 4032 περὶ
725 3967 869 4028 Ἀκαδημίαν
880 3966 918 4014 καὶ
929 3967 972 4014 τὸν
985 3967 1096 4016 Κολωνδν
1107 3969 1212 4032 θδρῦσθαι
1223 3975 1345 4028 ’Arahari-

245 4061 316 4119 δορος
324 4056 410 4119 γράφει
418 4059 500 4106 otras·
517 4054 659 4114 Συντιμᾶται
668 4049 694 4099 δὲ
703 4052 741 4099 καὶ
750 4051 776 4098 ἐν
786 4046 916 4110 Ἀκαδημία
923 4049 954 4110 τῇ
963 4048 1058 4111 Ἀθηνᾷ,
1066 4047 1169 4114 καθάπερ
1177 4051 1345 4117 θἭφαιηος·

245 4137 284 4188 καὶ
296 4137 363 4185 ἐστὶν
374 4138 437 4198 αὐτῷ
451 4137 553 4185 παλαιὸν
565 4135 650 4198 ἵδρυμα
666 4133 705 4181 καὶ
720 4133 774 4182 sads
792 4133 818 4180 ἐν
828 4133 863 4192 τῷ
878 4127 971 4189 τεμένει
987 4130 1030 4186 τῆς
1047 4132 1107 4178 θεοῦ.
1125 4130 1243 4184 δείκνυται
1260 4136 1287 4186 δδ
1305 4143 1345 4189 καὶ

244 4218 315 4275 βίαις
338 4218 426 4279 ἀρχαία
449 4218 511 4266 κατὰ
535 4216 581 4274 την
606 4217 705 4271 εἴσοδον,
728 4215 754 4262 ἐν
778 4209 795 4278 ᾖ
815 4214 859 4260 τοῦ
878 4229 906 4259 τε
924 4208 1061 4274 Προμηθέας
1080 4211 1132 4259 ἐστὶ
1147 4213 1221 4265 τύπος
1241 4220 1280 4267 aar
1300 4225 1346 4270 τοῦ

243 4299 384 4363 Ἡφαίστου.
401 4302 525 4357 πεποίηται
542 4297 576 4360 δὲ,
590 4300 621 4346 ὥς
635 4295 674 4344 καὶ
686 4294 847 4356 Λυσιμαχίδης
864 4292 947 4356 φησὶν,
963 4294 976 4338 J
990 4290 1034 4349 uir
1046 4293 1180 4354 Προμηθεὺς
1195 4300 1287 4356 apricos
1304 4305 1345 4351 aaa

243 4378 403 4446 πρεσβύτερος
414 4381 439 4428 ἐν
450 4382 513 4444 δεξιᾷ
522 4381 646 4440 σκῆπτρον
656 4375 728 4436 ἔχων,
740 4378 753 4422 J
768 4374 793 4423 Ji
805 4371 941 4436 Ἥφαιστος
957 4369 1008 4420 νέος
1026 4373 1064 4420 καὶ
1079 4372 1194 4436 δεύτερος.
1212 4379 1251 4426 καὶ
1262 4384 1345 4441 βαμη,

243 4463 330 4527 ἀμφοῖν
341 4459 416 4510 κοινός
428 4461 495 4509 ἔστιν
506 4462 531 4508 θν
542 4461 574 4523 τῇ
585 4455 657 4512 ΜΠ*
668 4453 884 4514 ἆῐθτθῐνῐθμθθθῐ·
1106 4463 1122 4492 ¹¹
1134 4453 1197 4518 OPP·
1210 4475 1234 4506 V·
1246 4475 1288 4521 41.
1302 4476 1344 4527 47.
