2978 5062
234 337 278 398 54
599 335 977 400 ANNOTATIONES

279 523 353 589 331.
376 502 496 567 πόντων
509 505 669 586 μετασχὸν
684 506 732 568 καὶ
745 505 930 584 τετολμηκὼς
945 504 1028 592 ἐμοί]
1050 506 1236 592 Proepositio
1250 509 1337 574 verbi

235 605 396 687 μετασχών
421 603 513 667 etiam
543 603 584 667 ad
613 605 791 691 proximum
823 605 956 691 pertinet
985 607 1114 672 verbum
1141 611 1337 687 τετολμηκώς.

237 709 310 786 Qua
329 707 430 771 forma
451 706 600 793 loquendi
622 705 779 770 interdum
805 721 939 771 utuntur
964 721 1066 793 poetae
1085 708 1117 772 in
1138 709 1242 774 verbis
1264 733 1337 776 cum

239 808 498 895 circumpositis,
516 808 667 871 rarissime
682 809 713 871 iu
728 808 804 872 aliis.

280 929 355 996 332.
370 910 457 994 μηδέ]
475 909 568 990 μηδέν
583 912 633 974 Μ.
648 909 764 996 aliique
778 924 810 973 et
825 911 907 974 Rob.

279 1033 357 1098 333.
373 1014 499 1097 πείσεις]
518 1015 630 1079 πείθεις
645 1013 695 1076 M.

281 1114 413 1199 εὐπιθής]
433 1115 568 1193 εὐπειθὴς
581 1136 652 1177 cum
669 1113 788 1200 aliquot
803 1112 962 1177 codicibus
977 1113 1054 1178 Ald.
1071 1114 1156 1179 Rob.

280 1231 356 1301 337.
369 1220 517 1303 μηδαμῶς]
537 1213 566 1295 μ’
582 1229 664 1280 recte
678 1215 800 1279 addunt
814 1215 905 1279 codd.
921 1215 1071 1279 Cantabr.
1087 1215 1163 1280 duo.

280 1337 354 1401 340.
379 1321 416 1379 τὰ
437 1319 494 1396 μὲν
513 1318 555 1390 α’,
572 1317 657 1403 quod
680 1341 739 1404 pro
754 1321 791 1381 τὰ
810 1320 867 1396 μὲν
881 1321 923 1381 σα
936 1317 1049 1404 accipit
1064 1317 1281 1395 Blomfieldus‚
1296 1342 1336 1383 ex

239 1418 370 1483 Porsoni
385 1418 519 1482 editione
534 1419 691 1483 remansit.
737 1421 835 1483 Recte
849 1423 886 1482 τὰ
900 1418 956 1499 μίν
972 1418 1000 1482 σ’
1016 1419 1088 1483 edd.
1103 1435 1233 1483 veteres.

282 1521 424 1604 κοῦδαμῆ]
444 1518 467 1582 κ’
484 1520 552 1583 οὐδὲ
566 1521 606 1599 μὴ
621 1521 713 1584 Β.Μ.

281 1621 373 1706 λήξω]
395 1619 639 1707 Intelligendum
656 1624 794 1686 ἐπαινῶν.

263 1760 266 1765 ·
280 1744 357 1809 343.
373 1723 486 1807 θέλεις]
505 1723 604 1792 θίλοις
617 1724 737 1810 aliquot
750 1724 841 1788 codd.

242 1857 247 1865 ·
281 1841 355 1910 345.
371 1827 478 1889 οὕνεκα
493 1825 682 1890 Brunckius.
721 1826 810 1891 Libri
826 1828 933 1892 εἵνεκα.

245 1962 247 1966 ⁴
281 1946 464 2013 347—372.
482 1929 598 1991 Versus
613 1928 669 1992 hos
684 1952 745 1993 non
759 1928 886 2005 Oceani,
900 1928 955 1992 sed
970 1926 1149 1992 Promethei
1164 1949 1229 1991 esse
1244 1927 1338 1991 veris·

239 2029 315 2093 sime
336 2029 553 2094 animadvertit
567 2030 745 2095 Elmsleius.
790 2032 873 2094 Nam
888 2053 987 2117 quum
1004 2032 1148 2095 Oceanus
1163 2045 1194 2093 et
1210 2032 1338 2094 Prome-

240 2132 333 2195 theus
353 2131 522 2195 contrarias
539 2130 710 2196 defendant
724 2132 900 2207 sententias,
917 2134 1061 2197 Oceanus
1077 2148 1112 2196 ut
1127 2134 1150 2196 J
1152 2155 1241 2196 ovem
1264 2155 1336 2219 pre-

239 2232 328 2297 cibus
343 2232 407 2297 suis
421 2257 579 2298 cessurum
595 2258 660 2299 esse
675 2234 817 2314 affirmet,
834 2233 1041 2298 Prometheus
1056 2250 1093 2299 ut
1102 2233 1259 2298 crudelem
1271 2258 1338 2298 esse

240 2349 272 2399 et
285 2335 505 2400 inexorabilem
522 2354 690 2422 tyrannum
707 2337 859 2410 ostendat,
875 2351 1007 2422 apparet
1023 2336 1127 2422 inepte
1142 2339 1269 2401 Oceano
1284 2336 1339 2401 tri-

239 2437 295 2500 bui
320 2461 427 2502 versus
451 2438 530 2516 illos,
552 2439 669 2525 quibus
693 2438 844 2503 sententia
867 2439 935 2524 ejus
959 2460 1021 2501 non
1046 2453 1108 2502 tam
1135 2439 1338 2503 confirmatur

238 2561 333 2626 quam
360 2540 519 2604 refellitur.
565 2544 632 2605 Nec
658 2540 820 2627 praedictio
845 2539 897 2603 illa
919 2541 960 2602 de
982 2540 1054 2625 igne
1077 2562 1116 2603 ex
1141 2542 1243 2603 AEtna
1265 2561 1338 2625 pro-

238 2658 373 2728 rupturo
397 2645 441 2724 (v.
464 2644 664 2727 365—372.)
694 2644 810 2707 Oceani
836 2664 976 2728 personae
1000 2642 1157 2720 convenit,
1180 2640 1233 2706 sed
1258 2642 1338 2706 Pro·

239 2743 371 2816 methei;
411 2743 461 2806 hic
497 2743 578 2806 enim
612 2744 787 2823 Themidis,
818 2745 925 2809 matris
954 2768 1027 2823 suae,
1058 2743 1158 2808 utitur
1187 2743 1339 2809 vaticiniis

241 2849 286 2930 (v.
308 2863 380 2929 209.
405 2845 505 2927 874),
525 2844 631 2931 qualia
649 2846 706 2909 etsi
728 2869 801 2909 cum
824 2850 949 2910 Oceano
968 2867 1096 2933 quoque
1116 2846 1338 2910 communicari

240 2948 282 3012 ab
303 2946 356 3010 illa
377 2947 548 3033 potuerint,
571 2963 674 3012 tamen
698 2972 753 3012 nec
776 2949 934 3036 proditum
957 2947 1104 3011 eadere
1124 2947 1298 3034 quidquam
1319 2971 1339 3012 a

240 3065 332 3136 poeta
351 3063 451 3114 estet
476 3049 587 3136 reliqui
616 3074 773 3115 sermones
798 3051 914 3115 Oceani
940 3049 984 3113 ita
1005 3064 1079 3112 sunt
1102 3048 1274 3133 comparati
1301 3065 1337 3113 ut

240 3151 330 3216 facile
351 3151 542 3237 intelligatur
564 3175 625 3216 non
648 3153 747 3217 futuri
772 3175 844 3217 eum
867 3151 1072 3240 praescientia,
1095 3151 1148 3215 sed
1173 3151 1238 3215 sola
1264 3174 1338 3215 con·

236 3252 359 3339 jectura
374 3277 431 3317 sua
444 3254 527 3318 duci.
565 3254 703 3319 Librarii
717 3270 820 3318 autem
838 3270 874 3318 ut
889 3255 946 3318 hos
960 3276 1066 3317 versus
1081 3255 1207 3317 Oceano
1222 3253 1339 3318 tribue-

239 3367 318 3434 rent,
336 3355 419 3420 haud
434 3356 530 3420 dubie
550 3355 711 3443 particulis
724 3357 759 3421 οὗ
774 3361 847 3436 δῆτα
861 3355 993 3443 permoti
1008 3355 1147 3433 suerunt,
1162 3354 1280 3442 quibus
1296 3354 1338 3419 ad

239 3457 319 3522 alius
334 3482 473 3546 personae
483 3459 577 3522 verba
588 3459 768 3547 responderi
780 3458 949 3535 videretur,
965 3480 1026 3521 uon
1042 3458 1214 3544 cogitantes
1227 3457 1338 3523 iisdem

240 3560 400 3645 particulis
415 3559 461 3624 uti
476 3561 568 3624 etiam
584 3562 639 3647 qui
656 3563 704 3626 vel
718 3562 776 3627 sibi
798 3561 858 3649 ipsi
875 3561 1084 3648 respondeant
1098 3561 1148 3625 vel
1161 3584 1236 3647 quoe
1250 3560 1338 3625 dixe·

240 3660 303 3724 rint
316 3661 443 3748 gravius
456 3677 641 3727 asseverent.
686 3663 737 3726 Sic
753 3663 922 3750 Sophocles
937 3664 1048 3750 OEdip.
1064 3665 1132 3728 Col.
1146 3683 1221 3751 433.

413 3766 506 3829 εἴποις
520 3763 558 3827 ἃν
572 3765 611 3830 ὥς
627 3762 746 3828 θέλοντι
760 3763 836 3828 τοῦτ’
854 3766 919 3844 ἐμοὶ
933 3769 1001 3830 τότε

413 3866 501 3930 πόλις
514 3866 549 3927 πὸ
564 3869 658 3946 δῶρον
673 3867 790 3931 εἰκότως
804 3865 977 3943 κατήνυσεν·

412 3968 447 4030 οὐ
462 3964 532 4046 δῆτ’,
549 3968 617 4030 ἐπεί
629 3991 674 4029 τοι
689 3966 743 4045 τὴν
753 3968 809 4046 μὶν
824 3968 918 4051 αὐτίχ’
934 3969 1047 4051 ἡμέραν
1061 3984 1121 4034 etc.

236 4065 354 4152 Eurip.
371 4066 488 4131 Alcest.
502 4083 577 4153 555.

412 4168 482 4231 ἀλλ’
499 4173 527 4234 εί
540 4172 638 4251 δόμον
652 4179 715 4253 σφε
730 4173 778 4235 καὶ
791 4175 909 4240 πόλεως
924 4175 1067 4252 ἀπήλασα

411 4267 500 4345 ξόνον
514 4273 656 4350 μολόντα,
672 4278 791 4351 μᾶλλον
805 4275 843 4337 ἄν
857 4273 885 4353 μ’
903 4273 1069 4355 ἑπῄνεσας;

413 4370 448 4432 οὗ
463 4370 534 4449 δῆτ’,
550 4375 619 4437 ἐπεί
629 4399 680 4453 μοι
695 4379 832 4456 ξυμφορὰ
845 4378 902 4454 μὲν
916 4377 1002 4440 οὐδὲν
1017 4377 1056 4440 ἃν

411 4473 503 4549 μείων
518 4473 656 4554 ἐγίγνετ’,
671 4477 850 4557 ὀξενιίπερος
865 4475 889 4540 δ’
907 4479 975 4559 ἐγῶ.
