2978 5062
233 329 296 396 162
593 336 970 401 ANNOTATIONES

234 523 265 588 p.
283 521 354 587 232.
369 502 410 580 μὴ
425 509 566 585 σκληροῖς
586 505 676 568 τύπτε
696 530 734 583 με
752 507 931 588 χερμαδίοις.
966 504 1135 590 Antipater
1149 505 1181 567 in
1198 507 1333 578 Nucem,

234 602 422 682 Κέκλασμαι,
437 610 571 671 πνκινοῖς
584 603 714 687 χερμάσι
727 605 917 685 βαλλομένη.
951 606 980 668 A
1001 606 1118 692 populo
1136 608 1227 670 raaia
1243 631 1333 692 prce-

236 713 375 769 tereunte
386 714 487 792 petor.
511 706 687 771 BLOMF.

279 805 458 887 ὀκριόεσσαν
473 809 603 872 A.B.C.
618 821 649 872 et
663 831 717 872 sex
732 807 794 871 alii.
817 807 1004 889 ὀκροόεσσαν
1018 809 1124 895 vulgo.

278 925 353 991 301.
377 914 534 990 Διογενεῖς
555 908 708 995 producta
722 908 841 995 syllaba
865 909 965 995 prima
978 908 1098 972 dictum
1122 923 1158 972 ut
1170 909 1280 971 eodem
1304 909 1335 971 in

237 1030 351 1095 genere
367 1008 456 1072 metri
473 1009 584 1097 Suppl.
597 1012 669 1094 631.

411 1117 567 1192 Διογενεῖς
581 1110 689 1176 κλύοιτ’
706 1112 826 1176 εύκταῖα
839 1111 922 1193 γένει
936 1113 1075 1195 χεούσας.

282 1227 357 1296 302.
373 1213 436 1276 θεοῦ
450 1212 587 1276 Α.Β.Μ.
603 1211 727 1300 aliique.
748 1212 852 1276 ῦθεοὶ
863 1212 969 1299 vulgo.
994 1215 1109 1276 Versus
1123 1232 1197 1297 301.
1213 1230 1287 1297 302.
1303 1212 1336 1276 in

240 1335 338 1378 unum
353 1313 573 1400 conjungendi.

283 1417 358 1499 306.
375 1414 554 1501 βαθύχθον’]
571 1415 690 1479 Fmile
703 1415 802 1478 tolum
815 1416 985 1479 habentem.
1009 1415 1182 1479 BLOMF.

285 1535 360 1600 309.
385 1516 626 1598 εῦτραφέστατον
640 1518 726 1579 Α.Β.
745 1514 861 1602 aliique
882 1538 943 1579 non
966 1517 1067 1602 pauci.
1101 1517 1339 1599 εύτρεφέστατον

243 1615 306 1695 alii,
321 1616 402 1681 inter
415 1640 495 1705 quos
510 1618 571 1695 M„
587 1616 665 1681 Ald.
682 1618 766 1682 Rob.
784 1619 887 1682 Turn.
903 1634 934 1683 et
950 1619 1065 1681 Tzetz.
1082 1618 1205 1682 Histor.
1224 1638 1272 1696 12,
1285 1621 1336 1683 80.

286 1718 447 1807 πωμάτων]
471 1719 611 1799 πομάτων
631 1732 703 1783 ante
726 1720 912 1783 Porsonum.
953 1721 1137 1784 Correctum
1159 1743 1198 1783 ex
1220 1719 1337 1805 aliquot

241 1818 411 1884 codicibus.

287 1941 361 2006 310.
377 1923 471 2007 ἵησιν]
486 1924 548 2001 ἴησι
562 1921 631 1986 libri
646 1944 754 1986 omnes
768 1937 880 2009 praeter
894 1919 1065 2008 marginem
1081 1922 1120 1986 B.

288 2023 456 2110 Ποσειδὰν]
475 2029 631 2089 Ποσειδῶν
644 2025 750 2110 vulgo.
772 2028 925 2088 Ποσειδᾶν
940 2026 989 2088 Μ.
1004 2024 1120 2110 aliique
1134 2022 1285 2088 nonnulli.

288 2124 445 2210 γαιάοχος]
456 2125 584 2209 γεάοχος
592 2125 673 2190 Ald.
697 2132 717 2164 “
727 2125 882 2209 Γαιάοχος,
890 2127 1026 2189 Terram
1036 2128 1207 2191 continens.
1219 2129 1236 2190 ὀ
1248 2127 1337 2210 ἔχων,

244 2226 338 2309 ἤγουν
351 2227 510 2305 βαστάζων
524 2227 578 2306 τὴν
592 2231 658 2308 γῆν.
693 2224 797 2290 Schol.
812 2227 922 2291 Venet.
937 2226 968 2289 iu
985 2225 1078 2290 Iliad.
1094 2233 1134 2291 N.
1154 2245 1224 2312 125.
1258 2230 1338 2292 Cor-

245 2343 343 2392 nutus
364 2328 507 2411 γαιήοχος
531 2343 563 2393 et
586 2333 778 2411 θεμελιοῦχος
801 2327 883 2391 inter
907 2327 1051 2414 Neptuni
1076 2328 1223 2414 epitheta,
1249 2329 1339 2416 quasi

245 2429 327 2494 idem
344 2428 492 2516 pollentia
505 2445 653 2494 recenset.
680 2430 765 2494 Mire
778 2429 917 2494 Lexieon
930 2429 1061 2493 Rhetor.
1075 2431 1150 2495 MS.
1161 2433 1192 2494 in
1204 2434 1339 2498 Auctor.

246 2531 383 2597 Emend.
399 2530 540 2618 Hesych.
560 2551 587 2608 1,
604 2550 678 2615 790.
694 2531 849 2614 Γαιήοχος.
864 2532 974 2598 ἵππιος.
993 2533 1052 2595 ὀπό
1067 2536 1120 2595 τοῦ
1132 2538 1194 2599 τοῖς
1207 2531 1340 2616 ὀχήμασι

245 2636 371 2718 χαίρειν.
402 2631 514 2718 Suppl.
531 2634 604 2715 813.
619 2631 745 2715 γαιάοχε
759 2633 926 2713 παγκρατὲς
939 2639 1008 2696 Ζεῦ.
1041 2633 1212 2720 Templum
1228 2640 1339 2697 Ποσει-

243 2740 338 2802 ῦῦνος
362 2737 510 2816 Γαιαόχου
535 2733 568 2796 iu
595 2732 733 2798 Laconia
756 2748 907 2797 memorat
928 2733 1098 2798 Pausanias
1118 2754 1151 2819 3,
1176 2753 1228 2800 20.
1265 2735 1338 2799 Vid.

246 2834 382 2899 Secundi
399 2837 540 2898 Sentent.
556 2856 589 2919 p.
606 2853 655 2899 21.
672 2833 723 2898 ed.
739 2833 850 2898 Gale.”
873 2836 1048 2899 BLOMF.

288 2955 362 3021 311.
376 2937 492 3014 Τηθύος
503 2961 536 2998 τε
550 2934 667 3021 παῖδες]
683 2939 798 3014 Τηθύος
813 2937 932 3019 ἔκγονα,
948 2936 1065 3001 Oceani
1080 2935 1163 3014 filiae,
1179 2938 1339 3002 Prometh.

248 3052 319 3122 137.

285 3156 363 3224 312.
378 3137 548 3222 πολιοῦχοι]
562 3145 741 3224 πολισοῦχοι
754 3140 874 3227 aliquot
888 3139 1018 3204 codices.
1041 3145 1240 3223 πολισσοῦχοι
1255 3140 1340 3204 Rob.

288 3260 362 3326 313.
379 3240 454 3326 θεοὶ]
474 3241 535 3305 τεαὶ
551 3240 627 3304 ΑΙό.

289 3360 365 3428 315.
390 3342 439 3406 καὶ
451 3343 519 3428 τὸν]
539 3343 688 3429 Ineptum
704 3342 956 3429 supplementum
973 3341 1100 3421 librarii,
1117 3341 1172 3428 qui
1191 3364 1253 3405 non
1273 3343 1339 3405 ani·

244 3444 453 3510 madverterat
475 3443 704 3508 substantivum
730 3444 898 3508 desiderari
920 3466 991 3509 curu
1018 3442 1247 3525 ἀνδρολέτειραν
1268 3466 1342 3508 cou-

241 3541 451 3632 jungeudum.
480 3544 685 3609 Scribeudum
701 3545 928 3626 ὀνῦρολέτειραν
946 3543 953 3632 Ι
972 3547 1077 3623 νόσον,
1089 3547 1243 3626 ῥίψοπλον
1255 3547 1340 3609 ὀταν.

246 3646 305 3712 nisi
320 3646 391 3732 quis
405 3651 515 3710 νοῦσον
529 3647 685 3732 praeferat,
700 3668 798 3733 quum
815 3648 931 3711 νούσων
945 3645 1053 3709 eodem
1069 3645 1100 3707 in
1123 3668 1237 3730 genere
1252 3647 1343 3710 metri

245 3747 370 3836 legatur
385 3746 496 3834 Suppl.
513 3750 585 3826 684.
601 3747 641 3811 de
654 3769 720 3833 quo
732 3769 792 3832 ego
806 3746 849 3810 ita
864 3746 962 3810 sentio
976 3759 1014 3810 ut
1033 3744 1094 3810 illic
1115 3746 1221 3832 potius
1243 3750 1342 3812 νόσων

244 3849 477 3937 praeferendum
500 3870 648 3912 censeam.
694 3848 776 3910 Nam
803 3846 953 3911 librorum
980 3846 1012 3910 in
1037 3847 1095 3913 hac
1119 3871 1152 3912 re
1175 3849 1343 3914 auctoritas

247 3955 339 4039 plane
354 3951 441 4016 nulla
453 3966 511 4015 est.

290 4056 442 4136 ῥίψοπλος
459 4055 526 4116 ἄτα.
564 4053 739 4116 Calamitoa
756 4075 827 4139 ηοω
846 4062 967 4117 acutum
982 4075 1071 4140 quem
1093 4055 1226 4139 αόβοστσ
1246 4056 1343 4141 cogit.

248 4164 270 4196 ‘⁴
284 4157 391 4219 Solent
405 4154 486 4217 enim
498 4152 610 4217 milites
619 4152 721 4240 fugati
735 4175 821 4216 arma
836 4154 979 4240 abjicere,
991 4176 1056 4239 quo
1066 4153 1165 4240 magis
1179 4154 1344 4240 perniciter

246 4255 401 4321 avolent.”
424 4254 598 4319 Stanleius:
622 4254 676 4341 qui
687 4255 761 4319 citat
773 4254 936 4342 Aristoph.
947 4257 1040 4337 Vesp.
1054 4272 1104 4338 27.
1119 4256 1229 4320 Δεινόν
1240 4282 1275 4338 γε
1286 4260 1344 4321 πού

245 4356 302 4420 ’στ’
318 4359 470 4436 ἄνθρωπος
493 4358 658 4436 ἀποβαλὼν
674 4359 765 4419 ὀπλο.
799 4356 919 4421 ΡοΙΙυο.
936 4360 968 4434 6,
982 4361 1034 4442 36.
1049 4356 1223 4440 Ῥίψασπις.
1247 4357 1296 4421 ἐπὶ
1311 4359 1343 4421 δὲ

247 4459 351 4521 τούτου
361 4459 378 4520 ὀ
391 4455 522 4521 Πλάτων
536 4458 640 4536 φησὶν,
651 4454 816 4538 Ῥύψασπις
828 4459 884 4537 μὲν
895 4460 952 4539 γὰρ
964 4459 1017 4522 οὐκ
1028 4460 1062 4522 ἓν
1072 4464 1166 4523 πᾶσιν
1179 4457 1342 4540 ὀνομάζοιτ’

246 4560 286 4627 ὃν
304 4561 430 4638 δικαίως,
450 4557 620 4638 ἀποβολεὺς
642 4559 674 4621 δὲ
696 4559 808 4622 ὅπλων.
842 4559 949 4623 Locus
969 4573 1016 4623 est
1038 4560 1139 4647 Legg.
1154 4579 1203 4626 12.
1222 4583 1255 4647 p.
1268 4560 1341 4644 687.
