2978 5062
298 345 364 422 AD
389 359 580 423 SEPTEM
604 359 853 423 ADVERSUS
876 358 1079 422 THEBAS.
1175 360 1239 428 199

143 522 311 609 Apollinis,
327 547 392 611 quo
412 526 492 589 Laio
514 548 553 588 ne
572 524 684 590 liberos
705 540 881 612 procrearet
904 527 1127 599 interdixerat;
1152 549 1240 591 secus

143 625 167 688 si
179 626 303 703 laceret,
318 648 390 690 eum
405 649 425 689 a
438 627 503 690 filio
516 626 650 691 occisum
666 627 715 706 iri,
730 643 891 714 totamque
904 631 973 714 ejus
987 629 1114 693 domum
1131 629 1240 693 misere

143 726 313 811 perituram
329 751 406 804 esse,
421 729 567 792 minatus.
591 731 692 794 SCH.

187 829 261 909 692.
277 829 389 912 ἵμερος]
408 830 496 908 θυμὸς
512 831 594 893 Rob.

187 930 346 1015 ἐξοτρύνει]
362 934 515 1011 ἐποτρύνει
529 931 594 995 duo
607 932 698 996 codd.
714 948 745 996 et
760 933 842 995 Rob.

186 1036 262 1115 694.
287 1035 322 1097 ού
344 1034 496 1118 θεμιστοῦ]
519 1036 554 1098 ού
575 1039 694 1110 θεμιτοῖ
712 1033 818 1121 vulgo.
864 1036 1047 1098 Corrcctum
1066 1057 1104 1098 cx
1121 1037 1169 1099 M.
1185 1035 1241 1121 qui

144 1144 179 1206 ού
195 1131 342 1222 θεμιύτοῦ.
390 1145 427 1206 In
446 1146 485 1206 B.
501 1170 549 1225 γρ.
566 1147 735 1224 ἀθεμίστον.

188 1247 261 1327 695.
290 1245 383 1327 ἐχθρά
405 1267 477 1329 pars
501 1245 642 1309 codicum
667 1263 699 1310 et
722 1247 805 1311 Rob.
837 1246 949 1328 αἰσχρά
973 1246 1037 1325 alii,
1058 1246 1138 1310 inter
1161 1270 1241 1333 quos

146 1347 208 1420 M„
223 1361 255 1409 et
270 1346 349 1409 Ald.
367 1348 469 1410 Turn.
488 1348 595 1435 Steph.

188 1446 278 1512 τέλει’
302 1447 412 1535 steph.
434 1451 536 1513 τελεία
558 1451 586 1512 F
591 1451 643 1513 .L.
673 1456 758 1515 τελεῖ
777 1449 897 1514 codices
919 1465 981 1514 tres
1002 1466 1034 1514 et
1056 1449 1134 1513 Ald.
1157 1451 1240 1516 Rob.

145 1556 246 1613 τελεῖν
264 1552 366 1613 Τιιιιι.
414 1559 437 1589 “
454 1551 681 1639 Recipiendum
701 1567 781 1637 puto
802 1559 911 1624 τελεῖν,
935 1567 969 1614 ιιι
991 1551 1032 1615 sit
1054 1552 1243 1617 constructio

146 1651 317 1729 προσιζάνει
337 1659 447 1716 τελεῖν.
470 1655 568 1716 Ειιιιι.
593 1655 666 1734 674.
690 1670 762 1737 730.
788 1652 868 1732 μένω
890 1655 915 1716 δ’
937 1655 1072 1718 ἀκοῦσαι.
1096 1654 1242 1738 Sophocl.

147 1752 226 1816 OEd.
251 1755 287 1817 C.
307 1772 356 1819 12.
378 1753 541 1834 μανθάνειν
558 1756 677 1834 ἥκομεν.
702 1757 833 1819 Homer.
859 1754 951 1818 Iliad.
972 1761 994 1817 l.
1010 1774 1086 1835 442.
1108 1756 1243 1821 Τούνεκύ

145 1880 183 1932 με
197 1855 332 1936 προέηκε,
349 1856 558 1936 διδοσκεμέναι
571 1857 640 1920 τάδε
655 1855 761 1920 πάντα.
808 1857 859 1920 Sic
881 1855 967 1942 apud
983 1857 1115 1919 Latinos
1132 1857 1242 1944 Virgil.

149 1958 224 2020 AEn.
238 1978 266 2034 1,
282 1976 355 2040 527.
387 1959 463 2022 Non
477 1980 535 2022 nos
549 1968 606 2022 aut
613 1960 714 2043 ferro
728 1959 861 2042 Libycos
873 1958 1027 2043 populare
1042 1959 1178 2023 Penates
1192 1980 1243 2023 ve·

147 2062 264 2136 υῖυιυς,
280 2069 337 2123 ortt
351 2070 462 2145 ruptas
476 2063 520 2123 cd
532 2061 627 2123 litora
642 2069 761 2123 vertere
770 2060 910 2146 praedus.
931 2059 1095 2135 Horatius,
1106 2081 1170 2122 ιιοιι
1184 2081 1244 2147 ego

147 2163 351 2248 lefiungcre
367 2163 569 2249 persequor.”
593 2162 765 2225 BLOMF.
790 2167 891 2224 τελεῖν
915 2161 1060 2224 Turnebi
1082 2176 1129 2224 est
1150 2160 1244 2226 inter-

147 2263 265 2348 polatio
289 2287 328 2327 ex
352 2263 470 2326 Aldina
496 2263 625 2327 lectione
647 2270 731 2327 τελεῖ
751 2262 855 2326 ducta.
878 2260 980 2324 τέλεια
1000 2262 1130 2326 fortasse
1152 2278 1244 2327 erunt

148 2364 202 2450 qui
218 2387 276 2451 pro
289 2368 392 2430 τελεία
405 2365 523 2429 dictum
539 2365 721 2441 defendant,
739 2380 775 2427 ut
787 2364 960 2443 Διομήδεια,
971 2362 1126 2444 Ἑκτόρεια
1140 2365 1245 2428 etalio

149 2466 329 2553 hujusmodi
344 2483 478 2532 retracto
491 2483 619 2531 accentu
636 2467 796 2544 dicuntur,
807 2468 846 2530 dc
860 2489 925 2552 quo
935 2466 1064 2551 exposui
1076 2466 1117 2528 ad
1130 2467 1242 2553 Eurip.

151 2569 247 2633 Rhes.
263 2572 336 2651 762.
359 2568 474 2632 τάλαιν’
492 2569 618 2654 corrigit
635 2568 892 2631 Wordsworthus
913 2568 945 2630 in
968 2568 1018 2630 tlte
1037 2570 1148 2653 philol.
1165 2571 1244 2634 Μιι-

150 2692 236 2735 teum
252 2671 314 2735 vol.
331 2692 357 2734 1.
373 2694 406 2757 p.
425 2689 498 2736 222.
521 2670 634 2734 collato
654 2670 767 2756 Eurip.
786 2671 993 2757 Hipp.1236.
1017 2670 1041 2735 ὦ
1063 2674 1173 2753 πατρὸς
1194 2675 1245 2737 τά·

150 2771 228 2836 λαιν’
244 2774 312 2854 ἆρά.
336 2775 512 2838 BLOMF.

196 2876 268 2957 696.
284 2878 357 2954 ξηρὰ
371 2877 487 2955 ὄμματα
503 2898 564 2939 non
580 2887 654 2939 sunt
664 2880 714 2954 τῆς
727 2874 829 2955 Ἀρῖις,
842 2875 894 2938 sed
908 2875 1055 2952 Eteoclis
1068 2877 1135 2963 qui,
1146 2900 1245 2963 quum

151 2976 294 3040 interitus
303 2976 374 3040 Laii
389 2976 514 3040 familiae
528 2978 595 3040 fato
609 2977 796 3041 constitutus
810 2977 860 3054 sit,
877 2976 963 3041 nulla
979 3000 1011 3040 re
1026 2977 1065 3040 ad
1080 2978 1158 3042 iram
1171 2980 1246 3043 mol-

151 3077 284 3142 liendam
307 3079 492 3142 commoveri
514 3092 627 3166 potest.
652 3080 898 3143 MATTHIAE
919 3079 958 3142 acl
976 3079 1122 3165 Eun'pid.
1139 3079 1198 3144 vol.
1215 3082 1246 3144 6.

153 3199 273 3267 {2174-

195 3283 385 3366 ἀκλαύστοις]
401 3284 557 3349 ἀκλαύτοις
571 3281 786 3346 Blomfieldus.

137 3368 140 3379 Ι
198 3387 271 3468 697.
285 3384 388 3468 μόρου]
403 3386 496 3464 μύρον
510 3384 575 3446 duo
589 3383 679 3446 codd.
695 3399 727 3446 et
741 3382 817 3446 Ald.
834 3384 865 3445 T
869 3405 938 3445 urn.
959 3390 979 3419 “
997 3382 1029 3444 Si
1044 3405 1151 3446 versus
1165 3397 1248 3447 recte

154 3484 305 3560 sehabet,
320 3485 509 3550 constructio
525 3486 595 3560 erit,
609 3485 744 3567 λέγουσα
764 3484 865 3565 κέρδος
883 3484 959 3548 εἶναι
975 3488 1094 3561 μᾶλλον
1107 3484 1160 3547 τὸν
1173 3486 1246 3563 πρό·

153 3612 240 3667 τερον
262 3592 314 3650 τοῦ
342 3586 467 3667 ὑστέρον
495 3589 595 3667 μύρον.
654 3586 686 3649 Sl
711 3589 804 3665 μόρον
826 3586 922 3670 legas,
949 3584 1133 3648 tantundem
1159 3584 1248 3647 erit.”

154 3687 325 3751 BLOMF.

196 3791 592 3873 698—701=705-708.

197 3892 269 3971 698.
287 3890 385 3975 κακὸς]
398 3892 486 3958 κακὸς
497 3890 520 3955 δ’
534 3890 669 3955 Vindob.
683 3905 753 3953 tres.
766 3889 864 3956 δειλὸς
877 3889 997 3976 aliquot
1012 3888 1103 3952 codd.
1120 3902 1150 3951 ct
1163 3887 1248 3952 Rob.

199 3993 349 4077 κεκλήσει]
366 3993 495 4070 κεκλήσῃ
509 3992 589 4055 libri.

200 4098 274 4180 699.
296 4096 368 4174 βίον
388 4096 420 4158 εύ
444 4094 581 4178 κυρήσας]
597 4094 650 4158 τὸν
670 4094 741 4172 βίον
757 4097 789 4158 εὖ
805 4094 905 4172 διύξας
928 4093 1150 4178 interpretatur
1164 4091 1251 4156 scho-
1303 4102 1311 4113 ‘

155 4197 251 4261 liasta.

198 4298 220 4362 δ’
236 4315 307 4384 post
320 4301 496 4379 μὲλοναιγὶς
508 4298 622 4362 lectum
638 4298 751 4362 delevit
766 4297 924 4361 Pauwius.

198 4426 270 4491 700.
287 4410 358 4495 εἶσι]
375 4399 434 4474 elci
450 4409 498 4472 M.

198 4513 304 4591 δόμους
319 4510 509 4576 ΒιιιιιοΙιὶιις.
532 4512 623 4589 δόμον
637 4509 708 4574 libri
722 4523 836 4596 praeter
851 4508 949 4573 AM.
965 4507 1020 4593 qui
1035 4508 1143 4588 δύμον.
