2978 5062
555 362 623 426 An
647 363 837 427 PERSAS.
1183 356 1249 431 9295

191 553 264 614 740.
291 531 477 618 ἐπέσκηψεν]
505 531 712 596 Scribendum
742 532 921 614 ἀπέσκηψεν
935 552 983 594 'ex
1006 528 1057 594 Μ.
1082 544 1114 595 et
1138 529 1252 595 Guelf.

147 634 269 698 Eadem
285 634 380 698 verba
395 647 574 720 permutata
588 631 620 695 in
635 632 722 697 libris
737 632 902 720 Euripidis
917 630 1051 719 Hippoi.
1066 634 1141 716 438.

191 735 225 799 δέ
238 735 307 821 που]
323 735 348 800 δ’
364 736 459 814 έμπας
475 735 559 799 Rob.
574 751 606 798 et
622 735 720 798 Paris.
738 757 829 798 unus.

194 855 266 920 741.
285 837 511 915 ἐκτελευτήσειν
526 839 576 900 Μ.
592 835 707 922 aliique
722 858 794 901 cum
809 834 918 922 Steph.
942 837 1153 914 ἐκτελευτῆσαι
1164 835 1251 902 ΑΒ.

151 940 257 1004 Viteb.
274 939 383 1004 Guelf.
400 937 478 1001 Ald.
494 937 578 1001 Rob.
595 939 699 1001 Turn.

195 1059 267 1123 742.
284 1041 371 1124 ὅταν]
389 1038 430 1103 ὅτ’
447 1040 485 1103 ἂν
501 1040 552 1101 Μ.

195 1144 339 1216 Comma,
369 1156 441 1228 post
462 1166 505 1207 τις
526 1164 546 1202 a
567 1139 722 1203 Turnebo
742 1138 874 1224 aliisque
899 1139 1047 1225 positum,
1070 1151 1142 1226 post
1167 1137 1255 1206 αὐτὸς

151 1242 246 1306 habet
261 1244 305 1304 A.
344 1241 603 1327 interpunctione
625 1254 731 1304 carent
748 1239 824 1303 Ald.
842 1240 925 1304 Rob.
964 1243 1004 1305 In
1021 1241 1146 1305 duobus
1160 1239 1252 1304 codd.

152 1362 199 1410 est
214 1348 303 1431 αὐτῷ,
318 1345 405 1432 quod
422 1344 530 1429 legisse
545 1345 671 1408 videtur
685 1344 859 1408 scholiasta.

196 1449 241 1532 χώ
264 1447 342 1532 θεὸς]
365 1473 415 1528 γρ.
442 1444 470 1529 χ’
491 1449 510 1526 ἤ
532 1452 611 1519 θεὸς,
641 1447 734 1529 ἤγουν
753 1448 772 1526 ἤ
790 1445 909 1528 Ἐρινύς
930 1447 969 1510 Β.
1007 1447 1119 1511 Lectio
1135 1447 1255 1534 inepta,

153 1573 248 1635 quam
271 1549 443 1614 scholiastae
458 1572 585 1634 quoque
600 1547 757 1634 cognitam
773 1547 868 1612 fuisse
883 1548 1043 1612 annotatio
1064 1550 1133 1637 ejus
1154 1549 1256 1615 docet.

155 1651 330 1716 Sententias
345 1649 458 1714 similes
472 1650 664 1737 comparavit
677 1649 895 1729 Blomfieldus‚
911 1651 1076 1739 Euripidis
1089 1675 1141 1740 ap.
1155 1652 1258 1725 Clem,

157 1752 251 1817 Alex.
271 1776 302 1839 p.
320 1774 394 1835 741,
409 1774 464 1838 31.
484 1755 524 1839 τῷ
547 1757 605 1834 γὰρ
626 1758 767 1817 πονοῦντι
788 1753 833 1836 χώ
856 1753 924 1821 θεός
945 1755 1160 1834 ξυλλαμβάνει.
1184 1756 1257 1819 Me·

156 1855 267 1922 nandri
282 1880 333 1943 ap.
351 1856 513 1920 Stobaeum
528 1857 556 1918 F
559 1855 615 1918 lor.
631 1873 659 1938 7.
675 1877 706 1941 p.
746 1873 774 1937 7.
797 1862 884 1918 τοῦτο
904 1856 1081 1936 γιγνώσκων
1095 1857 1140 1918 ὅτι
1161 1859 1258 1935 τόλμῃ

158 1960 254 2043 δικαία
275 1959 320 2042 χῶ
341 1958 409 2025 θεὸς
428 1957 648 2038 ξυλλαμβάνει.
670 1955 835 2042 Aristoph.
852 1958 916 2041 Eq.
934 1974 1006 2042 230.
1029 1957 1074 2039 χώ
1097 1956 1165 2024 θεός
1186 1964 1258 2036 ξυλ-

159 2061 301 2145 λήψεται.

201 2162 394 2248 συνάπτεται]
411 2160 616 2226 Scribendurn
633 2160 811 2239 ξυνάπτεται
825 2180 897 2221 curn
914 2159 1085 2223 Brunckio.

202 2281 275 2350 743.
292 2264 443 2349 εὑρῆσθαι]
462 2263 669 2327 Scribendum
685 2263 842 2342 ηὑρῆσθαι.

205 2383 278 2450 745.
303 2367 367 2448 ἱρὸν
387 2367 496 2452 Steph.
519 2363 794 2438 consentientibus,
811 2379 845 2427 ut
861 2361 996 2439 videtur,
1012 2363 1170 2427 codicibus
1192 2362 1259 2450 ple·

160 2469 264 2554 risque
279 2468 433 2531 omnibus.
464 2466 545 2548 ἱερὸν
559 2463 637 2528 Ald.
654 2464 737 2528 Rob.
754 2466 858 2528 Turn.
874 2463 960 2550 quod
983 2488 1022 2528 ex
1045 2464 1171 2528 duobus
1193 2479 1261 2529 tan-

161 2584 229 2632 tum
244 2567 404 2632 codicibus
418 2584 465 2631 est
479 2583 675 2630 annotatum.

205 2668 408 2752 δεσμώμασιν]
432 2666 578 2752 Intellige
591 2666 683 2729 funes
697 2666 887 2743 anchorales,
903 2683 936 2730 et
948 2667 1116 2754 ligamenta
1136 2684 1260 2755 stupea,

162 2769 279 2854 quibus
306 2784 387 2832 rates
412 2767 627 2833 tumultuariae
652 2769 928 2847 connectebantur,
954 2792 1087 2856 quarum
1114 2771 1262 2857 conjuga-

162 2870 246 2932 tione
261 2892 340 2955 pons
354 2869 385 2932 in
402 2869 609 2954 Hellesponto
624 2871 726 2934 lactus
740 2887 796 2935 est.
833 2870 906 2934 vid.
921 2871 960 2934 ad
978 2889 1052 2954 722.
1076 2872 1252 2938 BLOMF.

209 2972 281 3052 746.
296 2970 419 3054 ἤλπισε]
435 2970 564 3049 ἤλπισεν
580 2972 629 3034 Μ.
652 2971 758 3050 ἤλπιζε
774 2971 850 3035 Ald.
868 2972 954 3036 Rob.

208 3071 376 3155 Βόσπορον]
400 3070 581 3147 Scholiasta,
596 3070 830 3152 Ἑλλήσποντον
852 3075 901 3137 καὶ
923 3077 1079 3156 Βόσπορον
1100 3077 1154 3139 τὸν
1174 3075 1265 3140 αὐτὸν

165 3178 254 3237 καλεῖ
266 3173 325 3236 άπὸ
339 3175 396 3252 μὲν
405 3171 523 3252 Ἕλλης
536 3171 778 3252 Ἑλλήσποντον,
794 3173 853 3236 άπὸ
868 3176 901 3236 δέ
915 3179 966 3252 τῆς
981 3174 1059 3240 Ἰοῦς
1079 3176 1155 3253 βοὸς
1175 3201 1263 3257 γενο-

163 3272 254 3352 μένης
270 3275 437 3353 Βόσπορον.
460 3275 494 3336 τά
510 3276 542 3336 δέ
556 3279 627 3338 θεοῦ
639 3274 705 3353 ἤτοι
719 3280 771 3337 τοῦ
789 3272 1028 3352 Ἑλλησπόντου,
1045 3275 1145 3355 ὥσπερ
1159 3276 1265 3356 ἀρτίως

166 3373 213 3436 καὶ
229 3373 308 3453 ἱερὸν
323 3373 462 3448 ἐκάλεσε,
479 3377 527 3438 διὰ
546 3375 580 3437 τὸ
597 3379 715 3442 πολλάς
736 3376 785 3440 καὶ
801 3377 966 3442 καλλίστας
985 3377 1094 3454 νήσους
1114 3375 1266 3459 περιέχειν

163 3474 214 3542 ,καὶ
236 3472 312 3536 εἶναι
334 3476 368 3536 ἐν
387 3475 465 3560 αὐτῷ
486 3475 554 3542 τοῦς
571 3473 739 3554 Ἕλληνος.
786 3474 971 3540 Blomfieldo
992 3479 1149 3557 Βοσπόρου
1168 3475 1265 3540 corri-

164 3573 303 3659 gendum
320 3574 456 3654 videtur,
473 3576 530 3638 nisi
546 3582 616 3643 θεοῦ
630 3575 671 3641 de
686 3579 838 3664 Neptuno
853 3576 891 3642 sit
906 3575 1154 3663 intelligendum.
1321 3569 1323 3574 ¹

210 3694 284 3757 747.
308 3676 412 3743 πέδαις
426 3677 630 3759 σφυρηλάτοις
645 3678 685 3742 de
699 3680 843 3743 anchoris
857 3679 965 3742 ferreis
983 3679 1181 3766 interpretor,
1198 3680 1269 3767 qui.

165 3777 226 3839 bus
243 3779 367 3840 Xerxes
383 3792 460 3842 teste
477 3779 642 3844 Herodoto
657 3796 783 3866 pontem
798 3778 988 3865 alligaverat.
1013 3783 1112 3844 SCH.

210 3896 283 3962 749.
294 3880 399 3958 θνητὸς
412 3880 466 3965 ὢν]
480 3884 560 3944 Haec
572 3882 667 3945 verba
678 3882 758 3946 male
767 3905 837 3947 cnm
849 3881 1098 3968 praecedentibus
1106 3883 1174 3969 conj
1180 3881 1269 3946 unxit

166 3981 340 4057 scholiasta,
356 3984 388 4044 δὲ
404 3982 566 4067 particulae
580 3983 781 4048 collocatione
796 3984 957 4070 deceptus.

211 4084 257 4168 δὲ]
273 4109 306 4147 τε
321 4087 365 4146 Α.

172 4239 176 4244 ,
212 4186 368 4270 εὐβουλίᾳ]
384 4188 515 4272 άβουλίᾳ
529 4187 608 4251 Ald.

212 4313 286 4380 750.
302 4295 403 4380 νόσος]
420 4283 489 4362 νόῦς
504 4297 554 4358 Μ.
589 4294 645 4358 Ad
669 4294 739 4358 τάδε
752 4293 784 4358 in
801 4296 840 4359 Β.
853 4309 901 4359 est
913 4295 956 4381 gl.
973 4298 1015 4362 εές
1029 4308 1060 4359 et
1076 4295 1160 4360 κατά.

214 4414 286 4482 751.
313 4397 417 4481 πόρος]
443 4399 535 4463 πόνος
561 4396 644 4460 Rob.
671 4396 779 4481 Steph.
805 4396 891 4483 quod
916 4396 948 4460 in
975 4398 1025 4460 M.
1050 4396 1181 4483 aliisque
1207 4419 1270 4461 non
