2978 5062
335 376 403 441 AD
425 378 618 442 SEPTEM
642 379 892 445 ADVERSUS
915 381 1118 445 THEBAS.
1215 382 1277 446 185

178 567 302 609 sensum
325 545 428 611 minus
449 562 656 635 perceperunt
681 548 876 636 interpretes,
900 548 955 635 qui
980 549 1158 636 intelligunt
1185 576 1277 630 καπη-

178 648 279 711 λεύειν
293 646 325 709 in
340 647 523 712 secundario
543 671 647 728 sensu,
662 650 699 714 οθ
720 660 873 737 φαινοίατο
881 652 999 737 facere
1020 652 1163 739 αῑὶραιῗθς
1188 666 1224 715 ut
1245 651 1277 715 in

179 748 276 812 Ennii
291 770 396 827 versu,
413 750 489 813 Noa
503 760 715 836 cauponantes
729 751 840 814 bellam
861 751 917 815 scd
936 751 1168 838 belligerantes,
1183 773 1278 837 quem

179 849 242 913 huc
258 849 364 914 retulit
375 851 418 914 G.
435 853 561 915 Canter.
578 853 620 915 N.
637 853 676 916 L.
692 871 726 936 3,
742 873 774 936 9·.
818 851 949 916 Rectius
963 875 1038 915 vero
1055 851 1224 916 Salmasius
1238 851 1279 916 de

180 953 278 1015 Usur.
298 974 332 1039 p.
353 955 427 1036 346.
447 952 500 1030 ait,
523 952 613 1016 Viros
633 951 752 1029 doctos,
772 952 826 1038 qui
850 968 965 1040 putant
987 953 1084 1018 Ennii
1104 955 1279 1042 cauponari

178 1051 261 1117 idem
285 1051 387 1117 valere
405 1075 441 1117 ac
462 1052 606 1140 AEschyli
629 1055 817 1132 καπηλεύειν,
838 1053 1038 1119 vehementer
1055 1077 1168 1118 errare.
1210 1056 1279 1118 Nec

180 1166 283 1218 tamen
310 1153 376 1241 ipse
402 1153 476 1218 satia
499 1171 643 1219 accurate
664 1154 765 1233 vertit,
792 1156 818 1219 iz
845 1176 885 1218 πο
910 1156 1140 1220 marchoodcro
1165 1157 1280 1242 pocla

179 1257 314 1329 αοπιθαύς
337 1255 485 1342 Anglice‚
495 1256 534 1320 he
548 1256 613 1320 wilt
625 1266 680 1320 aot
693 1257 814 1345 hoggle
825 1257 1085 1344 obooctstghting.
1102 1258 1279 1322 BLOMF.

222 1373 296 1442 547.
319 1356 560 1443 Παρθενοπαῖος]
582 1359 633 1421 De
655 1380 800 1423 mensura
821 1358 918 1445 hujus
939 1358 1075 1423 nominis
1095 1357 1215 1423 dictum
1237 1358 1280 1423 ad

180 1483 209 1523 v.
225 1459 300 1540 488.
345 1457 434 1523 Male
448 1462 465 1523 ά
480 1464 708 1541 Παρθενοπαῖος
723 1461 761 1524 F.

220 1559 341 1646 Ἀρκὰς]
359 1559 463 1625 Schol.
480 1559 661 1644 Ἀντίμαχάς
679 1570 774 1643 φησιν
790 1560 931 1645 Ἀργεῖον
951 1563 1051 1638 αὐτὸν,
1067 1563 1121 1628 οῦκ
1138 1562 1280 1645 Ἀρκάδα.

180 1661 338 1748 Argivum
360 1685 418 1727 cur
438 1661 554 1727 dixerit
575 1662 786 1728 Antimachus
806 1686 845 1728 ex
869 1663 929 1727 hoc
951 1664 1019 1751 ipso
1041 1664 1185 1752 AEschyli
1212 1664 1281 1730 loco

179 1761 373 1850 intelligitur.
389 1763 503 1850 Eurip.
520 1764 634 1828 Phoen.
647 1779 739 1850 1153.
755 1768 772 1828 ὁ
787 1764 811 1829 δ’
825 1763 946 1848 Ἀρκάς,
961 1768 1014 1830 ούκ
1030 1766 1177 1850 Ἀργεῖος,
1192 1766 1280 1832 ’Ara-

180 1863 291 1945 λάπης
304 1868 403 1948 γάνος.

222 1967 298 2050 548.
313 1968 351 2053 δ’]
366 1967 391 2030 τ’
407 1969 451 2031 Ν.

223 2088 297 2152 549.
320 2067 425 2154 τοῖσδ’]
440 2067 511 2133 δείν’
526 2068 646 2155 aliquot
666 2069 759 2134 codd.
774 2085 806 2134 et
821 2069 906 2135 Rob.
921 2092 961 2133 ex
976 2093 1005 2131 v.
1021 2071 1096 2149 426.
1112 2071 1236 2152 πύργοις
1254 2069 1279 2133 δ’

47 2238 50 2249 ,
181 2171 304 2235 άπειλεῖ
315 2168 397 2243 δείν’,
413 2170 487 2250 &ph
502 2172 615 2250 κραίνοι
629 2171 712 2253 τύχη.

224 2272 351 2356 κραίνοι]
369 2271 471 2353 κράνοι
486 2272 614 2335 Barocc.
630 2271 715 2335 Rob.
760 2273 881 2336 Eadem
896 2270 1030 2334 var-ieras
1045 2294 1074 2335 v.
1090 2274 1163 2354 426.

222 2392 242 2456 5
244 2386 297 2457 5ο.
321 2376 348 2437 εί
366 2375 424 2455 γθρ
437 2373 557 2455 τύχοιεν
571 2373 612 2437 ὧν
627 2378 774 2454 φρονοῦσι
788 2372 862 2454 πρὸς
881 2371 973 2458 θεῶν]
991 2371 1163 2438 Scholiasta
1177 2386 1280 2447 vetus,

181 2476 244 2539 εἴθε
264 2477 322 2557 γάρ
340 2477 422 2556 παρὸ
443 2478 520 2538 θεῶν
540 2475 660 2556 τύχοιεν
682 2472 809 2552 ἐπαξίως
830 2474 872 2536 ὧν
892 2477 1056 2555 φρονοῦσιν
1078 2474 1210 2537 άνοσίων
1232 2473 1281 2536 καὶ

181 2576 420 2651 ἀλαζονεύονται,
438 2576 486 2640 ἐπὶ
505 2581 564 2639 τῶν
581 2576 715 2640 άσπίῦων
730 2575 927 2655 κομπάσματα
947 2574 1078 2657 ἔχοντες.
1124 2575 1278 2638 Dativum

181 2677 282 2743 αύτοῖς
307 2679 431 2744 ἐκείνοις
453 2678 587 2744 ἆνοσίοις
613 2676 822 2757 κομπάσμασιν
848 2675 962 2740 rectius
987 2675 1209 2762 interpretatus
1233 2690 1281 2738 est

181 2778 345 2844 scholiasta
366 2777 528 2860 recentior,
552 2781 613 2842 εἴθε
634 2781 692 2859 γὰρ
718 2780 837 2861 τύχοιεν
858 2782 939 2860 παρὰ
965 2783 1024 2842 τῶν
1049 2783 1127 2841 θεῶν
1149 2780 1190 2842 ὥν
1215 2776 1278 2841 καθ’

181 2880 263 2958 ἡμῶν
273 2883 449 2961 φρονοῦσιν,
462 2879 615 2943 τουτέστιν
626 2880 701 2960 άπερ
712 2880 782 2960 ἡμῖν
797 2882 975 2944 ἀπειλοῦσιν
990 2880 1073 2943 αὐτοὶ
1086 2879 1220 2956 πάθοιεν,
1232 2880 1281 2942 καὶ

183 2983 276 3046 ὄντως
290 2981 329 3044 ἂν
343 2983 369 3044 εί
383 2980 500 3062 γένοιτο
515 2986 612 3055 τοῦτο,
629 2983 828 3045 άπολεσθεῖεν
843 2980 881 3045 ἂν
896 2982 953 3045 σὺν
968 2981 1067 3048 αὐτοῖς
1078 2979 1201 3048 ἐκείνοις
1212 3006 1280 3060 κομι

184 3107 322 3161 πασμασι
340 3083 528 3163 πανιύλεθροι
542 3084 591 3146 καὶ
604 3082 769 3163 παγκάκως.
794 3083 849 3168 qui
865 3082 923 3147 hoc
938 3106 1066 3169 quoque
1080 3083 1158 3146 bene
1172 3081 1278 3158 sensit,

182 3182 278 3246 verba
299 3182 358 3246 ista
379 3204 439 3246 non
463 3197 545 3260 ante,
562 3183 616 3248 sed
635 3200 707 3269 post
721 3184 878 3263 versum-7⁴1
893 3183 948 3248 τάν
961 3187 1110 3251 πανώλεις
1123 3184 1281 3265 παγκάκως

182 3282 207 3346 τ’
222 3286 355 3362 ὀλοίατο,
371 3282 512 3348 collocari
526 3283 678 3348 debuisse.
724 3285 813 3346 Male
827 3307 901 3348 vero
916 3301 1049 3370 uterque
1069 3283 1232 3347 scholiasta
1252 3287 1280 3347 εί

180 3407 240 3472 pro
256 3388 318 3449 είθε
331 3385 468 3472 accepit:
492 3408 587 3471 quam
606 3407 669 3448 non
688 3384 819 3470 optandi
838 3408 903 3449 esse
923 3385 1119 3472 particulam,
1135 3383 1189 3447 sed
1203 3406 1277 3448 con-

181 3485 370 3564 ditionalem,
381 3487 526 3573 apodosis
539 3485 675 3550 ostendit
686 3485 1032 3573 abicio-incipiens.
1055 3483 1281 3550 conditionalis

181 3601 285 3652 autem
301 3586 327 3650 si
341 3601 388 3650 est
401 3587 565 3673 particula,
581 3588 672 3652 nhnis
687 3612 725 3652 ex
740 3589 877 3673 abrupto
891 3588 958 3653 haec
972 3587 1124 3652 sententia
1136 3585 1279 3649 infertur.

182 3688 316 3753 Accedit
340 3687 381 3752 ad
405 3688 464 3753 hoc
485 3689 571 3776 quod
593 3689 724 3777 pluralis
747 3695 892 3773 φρονοῦσι
914 3712 975 3755 non
1000 3689 1095 3754 habet
1120 3711 1185 3773 quo
1207 3701 1281 3773 apte

182 3790 346 3854 referatur.
391 3792 506 3877 Itaque
528 3815 636 3856 vereor
654 3815 693 3856 ne
714 3792 851 3856 indicata
870 3791 1005 3856 duorum
1029 3789 1190 3854 minimum
1213 3810 1281 3851 ver·

182 3914 275 3955 suum
297 3892 409 3956 lacuna
431 3893 682 3980 transpositoque
703 3893 822 3980 dequo
837 3894 931 3958 modo
946 3892 1086 3957 dicebam
1103 3914 1194 3954 versu
1216 3913 1281 3954 uno

182 3992 470 4056 aribendumit·

312 4096 331 4134 a
417 4097 437 4134 ιι
525 4097 544 4135 α
633 4098 652 4136 α
741 4100 760 4138 s
848 4098 867 4136 a

633 4201 650 4234 t
745 4201 764 4239 1
852 4200 871 4238 Ι

312 4300 339 4361 εἰ
353 4300 411 4379 γάρ
424 4299 544 4381 τύχοιεν
558 4301 600 4362 ὧν
614 4305 760 4382 φρονοῦσι
774 4300 849 4381 πρὸς
862 4303 947 4368 θεῶν,

311 4398 330 4476 ἦ
344 4398 400 4462 τάν
413 4401 564 4466 πανύλεις
578 4402 736 4483 παγκάκως
749 4401 774 4466 r'
790 4403 911 4465 ὀλοίατο

312 4501 412 4567 αὐτοῖς
427 4502 550 4569 ἐκείνοις
563 4503 696 4571 towns
710 4502 929 4583 κομπάσμασιν.

696 4626 720 4666 a
734 4627 754 4668 a
