2978 5062
326 359 394 421 AD
418 358 610 425 SEPTEM
633 362 882 427 ADVERSUS
907 362 1112 427 THEBAS.
1204 364 1269 434 179

209 528 285 608 464.
299 530 542 610 μυκτηράκομπον
556 534 681 610 πνεῦμα,
698 533 858 618 Spiritus,
873 536 928 621 qui
936 554 998 620 per
1014 554 1108 598 nares
1123 535 1266 611 omium,

166 646 277 691 sonum
280 630 517 716 jactabundum
531 633 604 696 edit.
628 631 803 698 BLOMF.

209 741 283 825 465.
301 740 440 826 σμικράν]
455 743 560 825 μικρὸν
576 743 625 806 Μ.
641 742 756 831 aliique
771 744 913 810 nonnulli
929 760 961 811 et
976 745 1056 810 Ald.
1072 747 1175 811 Turn.

209 853 285 932 466.
300 851 324 916 δ’
341 867 424 917 recte
437 852 521 919 delet
537 854 752 920 Blomfieldus.

210 963 438 1044 προσαμβάσεις
460 968 623 1032 Canterus.
654 967 730 1049 πρὸς
751 967 900 1048 άμβάσεις
922 968 995 1033 edd.
1018 983 1138 1034 veteres
1162 982 1205 1047 et,
1233 983 1268 1032 ut

169 1063 303 1144 videtur,
318 1066 448 1132 codices.

210 1178 286 1256 468.
304 1181 339 1242 ἓν
352 1200 414 1243 om.
431 1179 515 1244 Rob.

210 1293 379 1369 ξυλλαβαῖς
394 1288 583 1355 Brunclrius.
606 1299 780 1373 συλλαβαῖς
793 1291 875 1357 libri.

211 1416 285 1479 472.
301 1399 390 1484 τύχῃ]
407 1400 493 1484 τάχει
509 1400 592 1471 Rob.

211 1509 245 1574 δέ
258 1535 299 1596 sp
313 1509 414 1574 codex
429 1512 508 1575 Ven.
523 1511 609 1596 apud
627 1514 815 1577 Burtonum.
839 1512 872 1576 δὲ
886 1511 926 1597 τῷ
943 1509 1021 1577 Ald.
1036 1512 1140 1575 Turn.
1164 1511 1206 1584 δὲ,
1228 1514 1269 1597 τῶ

168 1612 251 1678 Rob.
276 1612 386 1700 steph.
428 1613 524 1701 Soph.
548 1615 628 1679 OEd.
652 1616 697 1677 Τ.
717 1615 768 1678 80.
791 1615 920 1701 ἐντύχῃ
943 1612 980 1695 γά
1003 1639 1044 1698 τιρ
1066 1612 1185 1694 σωτῆρι.
1214 1611 1269 1676 ubi

168 1714 314 1803 AEschyli
328 1738 452 1780 versum
466 1715 659 1803 comparavit
675 1714 856 1780 Triclinius.

209 1843 285 1912 473.
302 1828 350 1892 καὶ
365 1828 400 1908 δὴ
414 1827 583 1908 πέπεμπται
594 1826 782 1892 Erfurdtius
795 1825 835 1890 ad
853 1825 951 1912 Soph.
968 1824 1061 1910 Ajoc.
1076 1847 1109 1912 p.
1124 1844 1201 1910 514.
1219 1827 1268 1891 καὶ

167 1927 361 2009 ῶὴπέπεμπτ’
377 1930 412 1993 οὔ
427 1930 518 1994 B.M.
538 1929 653 2015 aliique
674 1927 828 1992 nonnulli.
872 1927 941 1991 Alii
963 1926 1011 1991 rol
1032 1928 1068 2008 δὴ
1089 1926 1211 2008 πέμπετ’
1234 1930 1269 1994 οὗ

168 2051 239 2095 cum
256 2028 334 2095 Ald.
350 2029 436 2096 Rob.
459 2031 507 2096 sol
520 2029 667 2127 πέμπεται
681 2027 705 2093 δ’
722 2030 757 2094 οὐ
774 2031 877 2093 Turn.

210 2198 286 2261 474.
300 2182 454 2266 σπαρτῶν]
472 2135 605 2261 manli
617 2180 667 2242 M.
683 2205 726 2244 ιιν
740 2180 782 2244 ab
795 2178 857 2243 ulia
870 2201 911 2242 m.
927 2177 1095 2265 adscripto.
1119 2186 1143 2218 ‘⁴
1155 2178 1267 2265 Eurip.

169 2281 283 2348 Phoen.
313 2285 386 2367 956.
422 2283 461 2348 σὺ
488 2281 512 2347 δ’
547 2280 644 2346 ἐνθάδ’
677 2282 748 2361 ἡμῖν
777 2281 882 2348 λοιπὸς
911 2280 941 2344 εἳ
967 2286 1107 2362 σπαρτῶν
1136 2280 1270 2363 γένους.”

170 2382 346 2447 BLOMF.

210 2504 251 2568 47
253 2501 287 2570 5.
308 2484 445 2572 μάργων]
469 2510 506 2549 ον
527 2483 564 2566 (i.
579 2508 606 2548 e.
626 2483 757 2570 μάργον)
781 2507 800 2548 a
822 2505 917 2548 manu
939 2506 1000 2548 rec.
1022 2481 1267 2571 superscriptum

169 2587 200 2650 in
216 2588 266 2651 M.

210 2691 286 2773 478.
303 2690 408 2777 άνδρε]
425 2689 534 2771 ἄνδρας
547 2688 668 2775 aliquot
681 2688 810 2754 codices.

210 2792 607 2877 481-485=521—525.

209 2896 284 2975 481.
300 2894 464 2977 ἐπεύχομαι
479 2893 628 2958 cantabr.
643 2893 800 2958 secundus
813 2909 845 2957 et
860 2891 936 2955 Ald.
954 2892 1039 2957 Rob.
1055 2893 1218 2976 ἐπεύχομαι
1232 2893 1268 2972 δὴ

169 2998 271 3061 Turn.
286 2994 560 3074 consentientibus,
577 3008 611 3059 ut
627 2994 764 3073 videtur,
778 2993 947 3059 codicibus.

210 3099 260 3182 τὰ]
280 3098 462 3185 Legebatur
482 3102 558 3184 τῶδε
574 3120 646 3162 cum
666 3096 757 3163 codd.
773 3095 930 3184 plerisque
948 3111 980 3160 et
995 3096 1081 3161 Rob.
1096 3095 1166 3161 τάδε
1182 3096 1220 3159 Β.
1235 3109 1267 3159 et

167 3215 229 3265 tres
243 3200 296 3265 alii
307 3223 379 3265 cum
396 3199 472 3263 Ald.
489 3200 595 3263 Turn.
617 3201 702 3286 τῶδε,
717 3198 931 3285 superscripto
945 3198 1024 3276 τάδε,
1041 3200 1087 3261 A.

211 3305 244 3367 lo
258 3302 355 3388 vulgo
369 3303 408 3366 ad
426 3324 548 3365 versum
565 3301 743 3387 proximum
760 3302 901 3364 relatum.

210 3406 386 3484 άῶ-δόμων
399 3417 471 3491 post
485 3408 644 3486 δυστυχεῖν
658 3401 808 3487 leguntur
820 3400 852 3463 in
868 3399 954 3463 Rob.

209 3502 285 3581 482.
299 3502 427 3586 πρόμαχ’
443 3504 534 3587 ἐμῶν]
552 3503 690 3584 πράμαχε
703 3506 763 3564 τῶν
778 3502 857 3580 ἐμῶν
870 3497 991 3586 aliquot
1005 3496 1097 3560 codd.

208 3605 283 3688 483.
295 3603 441 3683 βάζουσιν
455 3605 500 3668 Α.
521 3603 646 3683 βάζουσ·
662 3601 771 3689 vulgo.

209 3708 314 3769 πτόλει
330 3707 380 3772 Μ.
396 3706 520 3793 aliique.
543 3707 632 3770 πόλει
647 3704 699 3769 ulii
713 3718 745 3769 et
760 3703 839 3770 Ald.
857 3706 961 3769 Turn.
984 3705 1075 3767 πάλιν
1089 3703 1173 3767 Rob.

209 3808 285 3888 484.
299 3808 463 3894 μαινομένᾳ
478 3810 564 3873 ΑΒ.
579 3807 703 3894 aliique.
726 3807 890 3888 μαινομένῃ
905 3804 981 3870 Ald.
999 3805 1082 3869 Rob.
1100 3807 1204 3870 Turn.

208 3912 283 3990 487.
308 3909 439 3994 Ὄγκας]
469 3910 647 3973 Minervam
676 3909 840 3973 Phoenices
861 3908 982 3990 Ὄγκαν
1003 3907 1166 3981 vocabant,
1191 3921 1268 3972 teste

166 4010 338 4075 scholiasta.
372 4010 492 4094 Ὄγκαν
521 4012 624 4075 vicum
656 4011 778 4075 Thebis
807 4011 943 4075 vicinum
969 4022 1142 4073 memorant
1172 4008 1266 4074 schol.

166 4112 296 4176 Pindari
311 4137 331 4177 a
345 4114 482 4178 Stanleio
492 4114 615 4188 citatus,
627 4128 659 4177 et
671 4114 782 4177 Tzetz.
795 4112 826 4176 in
840 4111 1002 4200 Lycophr.
1016 4125 1110 4195 1225.
1126 4110 1266 4196 Hesych.

161 4211 279 4296 Ὄγκας
297 4213 437 4296 Ἀθηνᾶς.
458 4220 511 4284 τὰς
531 4215 679 4299 Ὠγυγίας
699 4216 797 4282 πύλας
816 4214 911 4296 λέγει.
956 4214 1080 4300 Nempe
1097 4211 1269 4300 AEschylus

164 4315 206 4380 ad
221 4332 328 4403 portas
341 4317 458 4400 Ὄγκας
477 4317 608 4386 Ἀθανῖις
627 4316 707 4381 sistit
728 4314 998 4403 Hippomedonta,
1020 4314 1075 4400 qui
1095 4312 1268 4378 secuudum

165 4418 352 4506 Euripidem
378 4419 509 4503 Ὠγύγια
538 4422 581 4486 εἰς
605 4420 770 4498 πυλῶμαπο
799 4418 928 4501 ἔστειχε.
973 4415 1045 4479 Vid.
1071 4415 1201 4480 Porson.
1227 4415 1269 4480 ed

165 4520 319 4586 Phoeniss.
336 4541 429 4607 1150.
445 4520 627 4586 Brunclrius
641 4519 717 4584 citat
727 4519 936 4607 Epigramma
951 4534 1051 4599 vetus,
1066 4515 1183 4601 Ὄγκας
1198 4518 1269 4587 ναὸς

695 4644 712 4685 Ζ
730 4639 749 4688 2
