2978 5062
249 345 314 411 116
608 344 988 411 ANNOTATIONES

292 531 367 596 930.
390 513 486 591 Ζηνός
500 535 567 575 τινα
580 533 653 597 pars
666 509 808 576 codicum
823 526 855 576 et
870 511 955 575 Rob.
992 509 1060 575 Alii
1075 511 1149 576 Διός
1169 533 1246 586 τινα,
1261 509 1350 595 quod

247 624 297 679 cst
308 613 341 677 in
357 611 436 677 Ald.
449 615 553 678 Turn.
576 612 675 678 Pauci
688 616 756 678 stau
771 615 853 682 Διάε.
880 612 1052 701 AEschylus
1066 611 1152 676 haud
1167 610 1265 675 dubie
1277 612 1353 679 Διὸς

249 716 317 781 τινά
331 715 462 802 scripsit.

238 874 241 878 .
294 837 368 902 931.
384 818 477 882 τῶνδέ
491 817 518 901 γ’
534 819 607 902 έξει]
627 822 719 883 τῶνδε
734 817 759 883 δ’
775 819 835 896 ἕξει
850 816 936 882 Roh.
950 821 1041 882 τῶνδε
1057 817 1116 896 ἔξει
1130 816 1180 879 vel
1194 814 1279 879 τῦνδ
1290 816 1353 895 ἔξει

250 918 370 1006 aliquot
384 920 476 985 codd.

293 1041 365 1107 932.
383 1021 407 1087 δ’
423 1045 461 1086 ex
477 1035 594 1108 septem
610 1021 771 1086 codicibus
784 1020 939 1085 additum.

293 1123 607 1209 ffltmwM

295 1245 368 1311 934.
390 1230 476 1290 τοῦδε
497 1224 525 1307 γ’
548 1226 644 1307 άλγίω
667 1226 768 1308 πόροι]
793 1223 920 1302 Malim,
939 1220 1017 1286 τοῦδ’
1033 1219 1073 1285 ἔτ’
1089 1222 1197 1303 άλγίιι.
1234 1221 1352 1284 Noster

251 1327 338 1391 Pers.
353 1328 428 1411 438.
452 1328 510 1390 Kal
532 1329 576 1394 τίς
596 1327 705 1409 γένοιτ’
720 1327 759 1390 δν
775 1324 857 1405 τῆσδ’
874 1323 914 1390 ἔτ’
930 1325 1039 1408 έχθίυν
1060 1322 1154 1406 τύχης
1180 1322 1277 1409 Soph.
1294 1323 1350 1387 El.

253 1428 347 1510 1189.
373 1431 431 1493 Kal
456 1435 517 1495 πῶς
539 1427 647 1510 γένοιτ’
671 1428 710 1491 δν
731 1425 814 1491 τῶνδ’
843 1425 882 1491 ἔτ’
910 1427 1001 1509 ἐχθίω
1024 1424 1173 1504 βλέπειν;
1197 1423 1247 1488 Ita
1266 1438 1351 1488 recte

249 1542 321 1613 post
336 1531 507 1593 Canterum
524 1527 713 1592 Brunckius.
736 1525 803 1590 Alii
818 1525 911 1590 τῶυδέ
924 1525 948 1588 τ’
966 1526 1065 1608 έχθίο.
1089 1524 1205 1588 ELM.
1248 1524 1351 1588 Recte

210 1690 218 1698 ..
249 1629 427 1695 Elmsleius.

180 1722 187 1733 ¹
293 1746 367 1818 935.
385 1735 402 1796 δ
417 1730 442 1796 δ’
458 1733 511 1795 οδυ
526 1729 705 1794 Elmsleius.
730 1730 834 1815 Vulgo
847 1727 889 1794 ὅδ’
905 1729 968 1792 οιίυ.
995 1727 1066 1791 vid.
1081 1727 1123 1792 ad
1139 1726 1239 1814 Soph.
1254 1727 1348 1813 Ajac.

249 1835 323 1920 961.
1380 1846 1385 1855 ’

293 1937 365 2021 936.
381 1932 596 2018 Ἀδράστειαν]
615 1933 737 1997 Eadem
752 1933 814 1997 fuit
829 1957 865 1997 ac
880 1932 1025 2013 Νέμεσις,
1037 1932 1251 2019 temperantia
1267 1933 1348 1996 Dea.

249 2037 338 2101 “Ad
353 2036 511 2101 vitandam
534 2035 682 2099 invidiam
700 2034 804 2099 Graeci
826 2034 967 2099 solebant
987 2033 1102 2111 dicere,
1116 2041 1272 2115 προσκυνῶ
1293 2035 1349 2114 τήν

249 2140 392 2221 Νέμεσιν.
416 2139 582 2203 Demosth.
596 2138 669 2202 adv.
690 2137 856 2225 Aristogit.
874 2158 902 2202 1.
925 2160 956 2224 p.
971 2155 1046 2221 495.
1070 2137 1129 2199 Kcl
1150 2135 1350 2216 Ἀδράστειαν

247 2245 304 2322 μὶν
317 2245 472 2325 άυθρυπος
493 2241 535 2307 δν
557 2243 653 2324 έγωγε
675 2247 839 2323 προσκυνῶ.
863 2239 956 2304 Plato
970 2239 1011 2304 dc
1033 2241 1115 2326 Rep.
1129 2256 1162 2322 5.
1182 2244 1348 2319 Προσκυνῶ

248 2347 281 2409 δὲ
301 2344 509 2427 Ἀδράστειαν,
525 2346 548 2407 ὦ
564 2346 716 2418 Γλαύκων,
731 2343 822 2427 χάριν
836 2344 871 2408 οδ
884 2343 987 2424 μέλλιι
1002 2344 1138 2426 seyen?
1168 2340 1346 2407 Giacomel·

247 2444 319 2510 lius.
344 2443 505 2531 (Sophocl.
525 2443 609 2508 Phil.
627 2448 699 2528 776.
722 2444 777 2508 τδυ
797 2445 913 2526 φθόνον
934 2446 967 2508 δὲ
988 2445 1185 2525 πρόσκυσον.)
1222 2445 1350 2506 Auctor

249 2544 347 2609 Rhesi
360 2546 436 2624 468.
453 2546 509 2609 σὺν
524 2543 548 2608 δ’
563 2544 742 2630 Ἀδραστείᾳ
755 2544 848 2625 λέγω.
870 2541 1046 2630 Alciphron
1061 2543 1125 2629 Ep.
1144 2560 1172 2615 1,
1184 2561 1239 2627 33.
1253 2566 1348 2622 προσ-

249 2654 325 2713 κυνῶ
339 2650 372 2711 δὲ
386 2648 441 2726 τήν
455 2646 600 2726 Νέμεσιν.
645 2649 696 2711 De
719 2645 851 2710 nominis
864 2645 984 2730 origine
999 2643 1084 2709 varia
1098 2643 1228 2707 tradunt
1243 2665 1348 2728 gram-

247 2748 361 2812 matici.
393 2747 605 2811 Antimachus
621 2747 721 2832 (apud
735 2747 880 2812 Strnbon.
902 2766 946 2830 13.
961 2769 996 2833 p.
1010 2746 1086 2829 588.
1109 2747 1299 2832 Harpucrst.
1315 2760 1348 2809 et

250 2849 338 2913 Suid.
354 2850 385 2913 in
403 2873 435 2913 v.
451 2849 599 2913 Eustath.
614 2848 655 2913 ad
679 2849 720 2914 Il.
735 2855 771 2914 B.
794 2873 825 2934 p.
840 2868 916 2935 355,
935 2867 987 2916 12.
1003 2850 1054 2912 M.
1069 2845 1215 2934 Apostol.
1233 2867 1263 2926 1,
1276 2848 1346 2929 40.)

247 2951 344 3016 tradit
359 2950 506 3016 Nemesin
521 2950 565 3015 ita
580 2950 769 3015 nominatam
790 2950 896 3028 fuisse,
911 2950 987 3036 quia
1001 2950 1121 3037 primus
1141 2948 1174 3013 in
1197 2948 1347 3014 honorem

246 3053 316 3140 ejus
334 3076 420 3119 aram
442 3053 639 3118 dedicaverat
662 3054 831 3119 Adrastus.
873 3053 1056 3118 Antimachi
1078 3074 1186 3117 versus
1207 3052 1240 3116 hi
1262 3069 1347 3119 sunt.

242 3154 335 3221 Ἔστι
356 3156 389 3221 δέ
410 3182 455 3224 τις
476 3156 608 3236 Νέμεσις
627 3158 746 3239 μεγάλη
765 3156 842 3235 θεὸς,
856 3155 877 3234 ή
892 3155 963 3220 τάδε
985 3154 1083 3219 πάντα
1105 3153 1188 3236 Πρὸς
1206 3155 1349 3238 μακάριον

247 3258 371 3342 έλαχεν,
385 3259 493 3339 βωμδυ
507 3257 540 3322 δέ
554 3261 584 3322 οἱ
598 3259 700 3322 είσατο
714 3265 828 3340 πρῶτος
841 3257 1008 3340 Ἄδρηστος
1021 3263 1167 3338 ποταμοῖο
1180 3260 1262 3338 παρὰ
1274 3259 1348 3340 ῥόον

247 3361 404 3441 Αίσήποιο,
416 3359 515 3426 Ἐνθα
528 3361 680 3441 τετίμηταί
698 3386 732 3424 τε
755 3362 802 3424 καί
818 3360 995 3442 Ἀδρήστεια
1014 3366 1155 3424 καλεῖται.
1201 3361 1278 3425 Huc
1300 3384 1348 3425 res

248 3463 337 3550 spicit
361 3461 571 3526 Callimachus
594 3463 681 3549 apud
705 3463 800 3527 schol.
824 3463 933 3550 Apoll.
957 3462 1229 3541 Rhod.1,1116.
1253 3461 1293 3527 ‘0
1314 3467 1347 3528 δὲ

248 3566 446 3647 Καλλίμαχός
467 3573 562 3645 φησιν
577 3566 610 3628 έν
624 3562 842 3646 Ὑπομνήμασι,
857 3565 993 3645 Νέμεσιν
1015 3565 1093 3630 εἶναι
1113 3566 1167 3644 τήν
1188 3565 1223 3628 τὸ
1242 3567 1347 3630 πεδίον

248 3667 443 3749 κατέχουσαν.
469 3670 526 3747 (sc.
541 3686 687 3751 campum
705 3665 897 3748 Adrastea).
912 3668 1076 3755 subjungit
1090 3666 1264 3743 scholiasta,
1281 3668 1347 3731 ἔστι

247 3771 282 3832 hl
296 3770 344 3832 καὶ
358 3768 446 3832 πόλις
468 3765 635 3845 καλουμένη
649 3766 827 3849 Ἀδρήστεια
841 3769 900 3833 άπδ
914 3776 967 3834 τοῦ
990 3770 1193 3851 ἱδρυσαμένου.
1230 3770 1347 3833 Deme·

247 3869 328 3933 trius
348 3890 423 3932 vero
445 3869 461 3930 ά
481 3867 628 3948 Σκήψιος,
647 3868 735 3954 apud
756 3869 1061 3953 811ἰθαιη,Ἀρπεμίν
1082 3881 1177 3953 φησιν
1196 3870 1273 3935 εἶναι
1293 3871 1348 3949 τὴν

248 3968 454 4052 Ἀδράστειαν,
469 3969 528 4033 sind
546 3969 712 4051 Ἀδράστου
734 3971 814 4039 τινδς
836 3973 1001 4054 ἱδρυμένην,
1017 3973 1060 4037 ita
1074 3972 1156 4036 enim
1181 3971 1295 4037 Suidas
1316 3986 1348 4036 et

248 4073 480 4159 Harpocration
503 4096 542 4136 ex
566 4074 615 4136 M.
635 4074 799 4161 Apostolio
819 4075 995 4163 corrigendi
1018 4091 1100 4140 sunt.
1138 4074 1214 4140 Alia
1235 4074 1349 4139 insistit

248 4173 298 4237 via
321 4177 482 4239 Cornutus
503 4175 556 4238 De
578 4175 653 4240 Nat.
674 4177 768 4241 Deos.
788 4197 838 4262 13.
861 4178 916 4264 qui
937 4180 1084 4264 Atropon
1106 4194 1138 4242 et
1157 4176 1346 4242 Adrasteam

247 4297 343 4341 uuam
365 4299 431 4340 esse
452 4276 513 4348 ait;
538 4278 617 4355 Αὕτη
639 4276 673 4340 δέ
698 4280 754 4359 (sc.
778 4278 797 4356 ή
815 4277 978 4363 Ἀτροπος)
999 4281 1065 4343 ἐστι
1088 4281 1137 4344 καὶ
1158 4278 1347 4360 Ἀδράστεια·

247 4377 312 4458 ήτοι
325 4380 406 4456 παρὰ
419 4376 454 4439 τὸ
468 4378 598 4458 ἄφυκτος
609 4380 657 4444 καὶ
670 4380 895 4460 άυαπάδραστος
917 4381 993 4446 εἶναι
1010 4381 1217 4462 ὠνομασμένη,
1232 4379 1251 4460 ἢ
1265 4384 1348 4461 παρὰ
