2978 5062
249 345 314 414 190
608 341 987 407 ANNOTATIONES

249 511 361 575 Νόσων
374 508 398 572 τ’
415 510 551 591 ἀπείρους
570 510 618 573 καὶ
637 510 825 590 μακραίωνας
840 510 936 588 βίους.
957 506 1013 592 qui
1035 505 1122 570 locus
1137 505 1232 591 vulgo
1253 505 1346 592 longe

248 610 337 676 aliter
358 610 483 696 legitur.
506 610 620 696 Eurip.
637 612 733 674 Herc.
749 612 828 674 Fur.
845 610 919 673 218.
942 611 1058 691 Λόγους
1076 610 1280 690 ὀνειδιστῆρας
1297 610 1345 672 ἐν-

249 714 435 792 δατούμενος.
459 712 620 799 Lycophr.
636 730 706 795 155.
732 714 862 795 χόνδρον
888 712 1110 790 ἐνδατούμενος.
1157 711 1347 774 “Dividere

248 835 325 900 ergo
348 812 518 877 maledictis
541 828 573 877 et
595 814 724 900 differre
746 829 865 878 veteres
885 813 1042 889 dicebant,
1066 827 1102 876 ut
1127 812 1233 876 Graeci
1259 815 1345 877 ἐνδα-

248 921 374 980 τεῖσθαι.
391 913 560 1002 Sophocles
575 915 761 980 Trachiniis.
779 916 837 979 Kal
851 920 980 978 πλεῖστα
994 914 1047 977 τὸν
1062 914 1120 977 σὸν
1135 915 1347 993 ἐνδατούμενος
1435 905 1442 920 ’

248 1017 356 1100 γόμον.
386 1017 578 1098 (memoriter
598 1017 699 1100 citat)
722 1033 754 1081 et
781 1015 926 1081 Catullus
953 1013 1112 1078 similiter:
1145 1017 1223 1078 Non
1247 1017 1276 1079 ai
1299 1037 1347 1079 me

248 1121 382 1206 infectae
408 1122 587 1206 discerpant
609 1120 717 1183 cidara
741 1120 862 1184 dictis?
889 1116 1026 1202 Scaliger
1047 1116 1079 1179 in
1103 1117 1198 1181 Diras
1219 1140 1252 1203 p.
1270 1120 1345 1203 436.

250 1221 351 1285 Haud
366 1220 458 1306 longe
477 1221 610 1297 diverso,
625 1243 805 1306 quanquam
826 1220 952 1284 meliore
967 1242 1070 1297 sensu,
1086 1219 1165 1284 dixit
1181 1220 1345 1296 Horatius,

249 1324 371 1386 labelli
390 1323 514 1385 cithara
534 1324 678 1386 carmina
701 1323 843 1386 divides:
869 1324 966 1385 Recte
988 1336 1092 1385 autem
1113 1320 1209 1385 schol.
1232 1325 1274 1389 είς
1295 1323 1346 1385 δύο

249 1431 367 1506 διαιρῶν
389 1425 423 1489 τὸ
445 1427 541 1504 ὄνομα
561 1431 613 1488 τοῦ
629 1427 839 1501 Πολυνείκους,
861 1423 894 1487 τὸ
916 1424 995 1487 πολὺ
1018 1424 1066 1486 καὶ
1085 1423 1120 1485 τὸ
1143 1431 1249 1490 νεῖκος.
1295 1423 1347 1487 Sic

250 1527 352 1591 nescio
373 1525 444 1612 quis
465 1526 498 1588 in
517 1525 673 1612 Euripide
694 1547 745 1611 ap.
762 1524 904 1612 Etymol.
921 1526 972 1587 M.
988 1547 1019 1611 p.
1033 1527 1110 1608 576,
1125 1543 1179 1609 30.
1196 1524 1344 1588 Valcken.

249 1626 387 1691 Diatrib.
404 1649 477 1713 pag.
494 1648 505 1689 ι
511 1628 563 1711 38.
587 1625 759 1707 Μελέαγρε,
781 1625 896 1705 μελέαν
917 1624 975 1707 γάρ
996 1625 1060 1689 ποτ’
1084 1627 1218 1707 ἀγρεύεις
1239 1627 1344 1707 ἄγραν.

250 1729 321 1794 Vid.
344 1729 426 1793 infra
450 1732 524 1813 655.
549 1729 620 1812 829.
648 1727 760 1814 Eurip.
788 1726 942 1790 Phoeniss.
970 1727 1045 1810 645.
1090 1728 1142 1790 De
1164 1727 1346 1813 hujusmodi

248 1831 470 1920 paronomaaiis
504 1831 568 1895 vid.
607 1829 799 1895 Valckenaer.
836 1828 877 1892 ad
914 1827 1072 1891 Herodot.
1108 1852 1140 1914 p.
1178 1849 1253 1913 439.
1292 1831 1345 1910 64.

249 1935 424 1999 BLOMF.
474 1935 548 1998 Hoc
575 1932 672 2020 igitur
700 1931 787 2011 dicit,
815 1930 950 1995 finivisse
978 1930 1067 1994 illum
1093 1931 1262 2019 opprobria
1290 1953 1347 1995 sua

248 2034 472 2099 exclamatione
486 2036 509 2098 ιδ
526 2036 708 2100 Πολύνεικες
721 2032 905 2100 πολυνεικές.

291 2152 367 2222 579.
382 2135 459 2200 τοῦτ’
475 2137 560 2223 ἐπος]
577 2136 685 2202 τοῦπος
698 2134 764 2198 duo
777 2133 870 2198 codd.
885 2148 917 2197 et
932 2133 1009 2197 Ald.

291 2239 367 2323 580.
383 2238 476 2323 τοῖον]
491 2243 579 2301 ποῖον
593 2236 659 2301 duo
672 2235 764 2300 codd.
786 2241 869 2299 θεῖον
884 2236 968 2301 Rob.

291 2341 366 2424 582.
389 2339 538 2403 Eundem
560 2339 625 2402 fere
645 2361 769 2403 versum
793 2338 886 2403 habet
907 2338 1056 2426 Sophocl.
1071 2339 1184 2425 Antig.
1200 2359 1269 2422 199.
1285 2337 1346 2406 ‘Oa

249 2444 306 2523 γῆν
335 2438 475 2526 πατρῴαν
504 2441 552 2505 καὶ
580 2442 666 2508 θεοὺς
694 2440 762 2507 τοὺς
791 2441 926 2522 ἐγγενεῖς
951 2466 977 2505 κ.
1002 2466 1027 2504 τ.
1050 2448 1082 2506 λ.
1113 2441 1199 2528 quod
1228 2440 1347 2505 notavit

250 2542 455 2608 Abreschiua.

292 2647 368 2730 584.
383 2644 431 2730 τε]
448 2646 482 2708 δέ
497 2645 534 2707 Β.

293 2747 406 2834 πηγὴν]
432 2744 535 2810 Schol.
551 2746 593 2808 A.
616 2745 838 2830 interpretatur
860 2749 897 2810 τὸ
918 2744 1028 2828 δάκρυα
1046 2750 1098 2825 τῆς
1116 2748 1256 2829 πατρίδος
1276 2749 1349 2811 ποία

249 2851 360 2914 παύσει
381 2849 502 2929 τιμωρία
513 2875 520 2921 ;
545 2848 597 2910 De
618 2851 697 2934 πηγῇ
719 2846 925 2935 lacrymarum
948 2848 1010 2911 vid.
1028 2851 1158 2914 Porson.
1175 2849 1215 2912 ad
1231 2849 1345 2935 Eurip.

251 2948 404 3014 Phoenica.
418 2950 493 3033 381.
510 2947 616 3012 Nostri
633 2948 793 3012 Prometh.
808 2971 883 3033 409.
916 2952 1016 3016 Recte
1031 2975 1104 3016 vero
1120 2951 1269 3015 Butlerus
1284 2952 1347 3031 δίκη

250 3051 291 3115 de
312 3049 401 3136 signo
422 3051 446 3112 J
449 3048 562 3113 ustitiae
585 3048 707 3137 accipit,
731 3052 817 3138 quod
841 3053 1006 3141 Polynices
1026 3054 1058 3118 in
1082 3068 1171 3119 scnto
1192 3053 1345 3140 gestabat.

252 3153 426 3219 BLOMF.
448 3155 545 3234 πηγὰς
559 3152 624 3216 dno
638 3152 729 3219 codd.

292 3255 367 3341 585.
382 3254 500 3338 πατρίς]
517 3255 628 3335 πατρός
641 3270 793 3339 quattuor
806 3255 897 3320 codd.
913 3273 945 3320 et
959 3255 1037 3319 Ald.
1054 3258 1158 3320 Turn.

293 3358 340 3441 τε]
359 3358 392 3421 δέ
407 3356 543 3420 Α.Β.Μ.
558 3353 673 3441 aliique
688 3357 838 3421 nonnulli.

293 3458 371 3542 δορὶ]
391 3456 595 3522 Scribendum
612 3456 661 3521 hic
675 3472 708 3522 et
721 3458 794 3522 alibi
810 3462 898 3541 δόρει.
921 3460 988 3540 δορί
999 3458 1108 3545 tragici
1124 3480 1184 3521 non
1201 3457 1347 3522 ridentur

249 3561 363 3625 dixisse
378 3560 435 3625 nisi
450 3561 627 3646 postulante
642 3575 757 3624 metro:
782 3561 846 3625 vid.
860 3561 899 3625 ad
917 3560 1013 3648 Soplr.
1032 3561 1122 3647 Ajac.
1136 3563 1230 3645 1056.

290 3663 367 3749 586.
383 3662 533 3744 ξύμμαχος
547 3661 735 3726 Brunclrius.
759 3667 915 3746 σύμμαχος
929 3661 1009 3726 libn'.

293 3765 368 3849 587.
384 3766 419 3843 δὴ
434 3786 494 3827 om.
512 3762 589 3826 Ald.

292 3869 399 3952 πιανῶ]
419 3864 565 3931 Similiter
580 3864 749 3943 Pindarus,
765 3862 806 3928 dc
820 3881 938 3953 septem
953 3865 1089 3930 ducibus
1102 3887 1198 3951 agens
1213 3867 1305 3931 Nem.
1316 3887 1348 3951 9,

249 3987 304 4054 54.
328 3968 441 4056 inquit,
464 3967 604 4047 Ἰσμηνοῦ
629 3965 653 4030 δ’
675 3965 719 4031 ἐπ’
745 3968 868 4050 ὄχθαισι
891 3967 1060 4033 λευκανθέα
1083 3966 1194 4047 πόματ’
1222 3970 1348 4032 ἐπίαναν

251 4073 372 4136 καπνόν.
391 4069 501 4158 virgil.
517 4069 634 4156 Georg.
648 4089 676 4146 1,
691 4088 767 4152 491.
783 4071 853 4133 Nec
860 4070 940 4155 ficit
961 4070 1133 4158 indignam
1154 4072 1280 4156 caperis
1301 4070 1350 4134 bia

248 4173 407 4259 sangnine
427 4180 533 4236 nostro
547 4172 744 4250 Emathiam,
759 4181 789 4236 et
810 4174 890 4236 latos
908 4173 1019 4236 Haemi
1037 4193 1245 4236 emanasoaaa
1263 4193 1346 4235 cam-

244 4294 315 4361 ρας.
339 4274 452 4338 Horat.
468 4275 507 4338 C.
524 4293 599 4353 2,1,
615 4290 668 4357 29.
693 4275 774 4347 Qun
794 4295 859 4338 aon
880 4275 997 4339 Latino
1015 4276 1179 4362 aoatgainc
1200 4294 1350 4337 amomon

252 4376 420 4460 Compos?
443 4376 482 4438 ln
499 4377 586 4439 Pers.
600 4374 674 4455 807.
691 4376 820 4463 Asopus
840 4374 958 4441 fluvius
978 4375 1093 4441 dicitur
1116 4378 1209 4458 φίλον
1231 4376 1349 4454 πίασμα

251 4479 387 4545 Βοιωτῶν
400 4477 496 4559 χθονί.
519 4477 693 4546 BLOMF.
