<?xml version="1.0" encoding="UTF-8"?>
<!DOCTYPE html PUBLIC "-//W3C//DTD XHTML 1.0 Transitional//EN"
    "http://www.w3.org/TR/xhtml1/DTD/xhtml1-transitional.dtd">
<html xmlns="http://www.w3.org/1999/xhtml" xml:lang="en" lang="en">
 <head>
  <title>
</title>
<meta http-equiv="Content-Type" content="text/html;charset=utf-8" />
  <meta name='ocr-system' content='tesseract 3.04.00' />
  <meta name='ocr-capabilities' content='ocr_page ocr_carea ocr_par ocr_line ocrx_word'/>
</head>
<body>
  <div class='ocr_page' id='page_1' title='image "./tragoediaesuper02aescgoog_0086.png"; bbox 0 0 2978 5062; ppageno 0'>
   <div class='ocr_carea' id='block_1_1' title="bbox 246 325 982 394">
    <p class='ocr_par' dir='ltr' id='par_1_1' title="bbox 246 325 982 394">
     <span class='ocr_line' id='line_1_1' title="bbox 246 325 982 394; baseline 0.003 -4"><span class='ocrx_word' id='word_1_1' title='bbox 246 325 287 390; x_wconf 78' lang='lat'><strong>76</strong></span> <span class='ocrx_word' id='word_1_2' title='bbox 604 330 982 394; x_wconf 81' lang='lat' dir='ltr'><strong>ANNOTATIONES</strong></span> 
     </span>
    </p>
   </div>
   <div class='ocr_carea' id='block_1_2' title="bbox 331 494 946 679">
    <p class='ocr_par' dir='ltr' id='par_1_2' title="bbox 331 494 946 679">
     <span class='ocr_line' id='line_1_2' title="bbox 331 494 936 580; baseline 0.012 -27"><span class='ocrx_word' id='word_1_3' title='bbox 331 514 375 554; x_wconf 83' lang='grc' dir='ltr'><strong>αα</strong></span> <span class='ocrx_word' id='word_1_4' title='bbox 390 494 488 556; x_wconf 79' lang='lat' dir='ltr'><strong>latero</strong></span> <span class='ocrx_word' id='word_1_5' title='bbox 503 495 588 556; x_wconf 76' lang='lat' dir='ltr'><strong>circa</strong></span> <span class='ocrx_word' id='word_1_6' title='bbox 603 497 702 580; x_wconf 75' lang='lat' dir='ltr'><strong>serpit</strong></span> <span class='ocrx_word' id='word_1_7' title='bbox 717 498 856 560; x_wconf 74' lang='lat' dir='ltr'><strong>incertia</strong></span> <span class='ocrx_word' id='word_1_8' title='bbox 871 499 936 559; x_wconf 66' lang='grc' dir='ltr'>οἱα.»</span> 
     </span>
     <span class='ocr_line' id='line_1_3' title="bbox 332 595 946 679; baseline 0.005 -24"><span class='ocrx_word' id='word_1_9' title='bbox 332 595 488 679; x_wconf 74' lang='lat' dir='ltr'><strong>etstuclua</strong></span> <span class='ocrx_word' id='word_1_10' title='bbox 501 603 574 657; x_wconf 82' lang='lat' dir='ltr'><strong>ante</strong></span> <span class='ocrx_word' id='word_1_11' title='bbox 589 596 838 679; x_wconf 67' lang='lat' dir='ltr'><strong>turbidtufiemo</strong></span> <span class='ocrx_word' id='word_1_12' title='bbox 851 597 946 660; x_wconf 75' lang='lat' dir='ltr'><strong>labat.</strong></span> 
     </span>
    </p>
   </div>
   <div class='ocr_carea' id='block_1_3' title="bbox 247 719 670 805">
    <p class='ocr_par' dir='ltr' id='par_1_3' title="bbox 247 719 670 805">
     <span class='ocr_line' id='line_1_4' title="bbox 247 719 670 805; baseline 0.002 -23"><span class='ocrx_word' id='word_1_13' title='bbox 247 720 292 783; x_wconf 88' lang='lat' dir='ltr'><strong>Et</strong></span> <span class='ocrx_word' id='word_1_14' title='bbox 308 720 387 783; x_wconf 87' lang='lat' dir='ltr'><strong>Stat.</strong></span> <span class='ocrx_word' id='word_1_15' title='bbox 403 719 508 783; x_wconf 86' lang='lat' dir='ltr'><strong>Theb.</strong></span> <span class='ocrx_word' id='word_1_16' title='bbox 523 739 574 797; x_wconf 90' lang='lat'><strong>10,</strong></span> <span class='ocrx_word' id='word_1_17' title='bbox 587 740 670 805; x_wconf 86' lang='lat'>593:</span> 
     </span>
    </p>
   </div>
   <div class='ocr_carea' id='block_1_4' title="bbox 329 847 1280 1316">
    <p class='ocr_par' dir='ltr' id='par_1_4' title="bbox 331 847 1280 1036">
     <span class='ocr_line' id='line_1_5' title="bbox 332 847 1280 935; baseline 0.001 -25"><span class='ocrx_word' id='word_1_18' title='bbox 332 847 752 933; x_wconf 79' lang='lat' dir='ltr'><strong>Sanguineosflammarum</strong></span> <span class='ocrx_word' id='word_1_19' title='bbox 766 851 882 934; x_wconf 77' lang='lat' dir='ltr'><strong>apices,</strong></span> <span class='ocrx_word' id='word_1_20' title='bbox 892 850 1117 935; x_wconf 80' lang='lat' dir='ltr'><strong>geminumque</strong></span> <span class='ocrx_word' id='word_1_21' title='bbox 1126 870 1188 934; x_wconf 85' lang='lat' dir='ltr'><strong>per</strong></span> <span class='ocrx_word' id='word_1_22' title='bbox 1202 870 1280 911; x_wconf 78' lang='lat' dir='ltr'><strong>orna</strong></span> 
     </span>
     <span class='ocr_line' id='line_1_6' title="bbox 331 948 1074 1036; baseline 0.003 -26"><span class='ocrx_word' id='word_1_23' title='bbox 331 948 451 1034; x_wconf 73' lang='lat' dir='ltr'><strong>ignem,</strong></span> <span class='ocrx_word' id='word_1_24' title='bbox 465 957 495 1012; x_wconf 77' lang='lat' dir='ltr'><strong>et</strong></span> <span class='ocrx_word' id='word_1_25' title='bbox 509 949 598 1011; x_wconf 82' lang='grc' dir='ltr'>οἱατα</span> <span class='ocrx_word' id='word_1_26' title='bbox 612 959 716 1012; x_wconf 78' lang='lat' dir='ltr'><strong>tamen</strong></span> <span class='ocrx_word' id='word_1_27' title='bbox 730 949 980 1036; x_wconf 73' lang='lat' dir='ltr'><strong>nudiofiaatigia</strong></span> <span class='ocrx_word' id='word_1_28' title='bbox 995 949 1074 1013; x_wconf 70' lang='lat' dir='ltr'><strong>lucia</strong></span> 
     </span>
    </p>

    <p class='ocr_par' dir='ltr' id='par_1_5' title="bbox 330 1049 1129 1136">
     <span class='ocr_line' id='line_1_7' title="bbox 330 1049 1129 1136; baseline 0.003 -24"><span class='ocrx_word' id='word_1_29' title='bbox 330 1057 401 1112; x_wconf 83' lang='lat' dir='ltr'><strong>orta</strong></span> <span class='ocrx_word' id='word_1_30' title='bbox 415 1049 502 1113; x_wconf 77' lang='lat' dir='ltr'><strong>docet</strong></span> <span class='ocrx_word' id='word_1_31' title='bbox 514 1075 525 1121; x_wconf 93' lang='lat'><strong>,·</strong></span> <span class='ocrx_word' id='word_1_32' title='bbox 549 1058 624 1113; x_wconf 81' lang='lat' dir='ltr'><strong>tunc</strong></span> <span class='ocrx_word' id='word_1_33' title='bbox 637 1051 673 1112; x_wconf 76' lang='lat' dir='ltr'><strong>in</strong></span> <span class='ocrx_word' id='word_1_34' title='bbox 687 1051 818 1135; x_wconf 72' lang='grc' dir='ltr'>οροάετα</span> <span class='ocrx_word' id='word_1_35' title='bbox 832 1052 988 1136; x_wconf 72' lang='lat' dir='ltr'><strong>serpentia</strong></span> <span class='ocrx_word' id='word_1_36' title='bbox 1001 1052 1129 1114; x_wconf 78' lang='lat' dir='ltr'><strong>inanem</strong></span> 
     </span>
    </p>

    <p class='ocr_par' dir='ltr' id='par_1_6' title="bbox 330 1152 987 1238">
     <span class='ocr_line' id='line_1_8' title="bbox 330 1152 987 1238; baseline 0.003 -26"><span class='ocrx_word' id='word_1_37' title='bbox 330 1152 465 1237; x_wconf 74' lang='lat' dir='ltr'><strong>ancipiti</strong></span> <span class='ocrx_word' id='word_1_38' title='bbox 475 1173 563 1237; x_wconf 79' lang='lat' dir='ltr'><strong>gyro</strong></span> <span class='ocrx_word' id='word_1_39' title='bbox 577 1152 672 1231; x_wconf 75' lang='lat' dir='ltr'><strong>volui,</strong></span> <span class='ocrx_word' id='word_1_40' title='bbox 673 1153 859 1238; x_wconf 74' lang='lat' dir='ltr'><strong>frangique</strong></span> <span class='ocrx_word' id='word_1_41' title='bbox 873 1153 987 1216; x_wconf 81' lang='lat' dir='ltr'><em>rubore</em></span> 
     </span>
    </p>

    <p class='ocr_par' dir='ltr' id='par_1_7' title="bbox 329 1252 639 1316">
     <span class='ocr_line' id='line_1_9' title="bbox 329 1252 639 1316; baseline 0.003 -1"><span class='ocrx_word' id='word_1_42' title='bbox 329 1252 522 1316; x_wconf 70' lang='grc' dir='ltr'>θοντοαοέτοθ</span> <span class='ocrx_word' id='word_1_43' title='bbox 535 1253 639 1316; x_wconf 77' lang='lat' dir='ltr'><strong>dubio.</strong></span> 
     </span>
    </p>
   </div>
   <div class='ocr_carea' id='block_1_5' title="bbox 239 1403 1343 3213">
    <p class='ocr_par' dir='ltr' id='par_1_8' title="bbox 244 1403 1340 1593">
     <span class='ocr_line' id='line_1_10' title="bbox 245 1403 1340 1492; baseline 0.002 -25"><span class='ocrx_word' id='word_1_44' title='bbox 245 1403 333 1468; x_wconf 77' lang='lat' dir='ltr'><strong>add.</strong></span> <span class='ocrx_word' id='word_1_45' title='bbox 356 1405 469 1492; x_wconf 89' lang='lat' dir='ltr'><strong>Enrip.</strong></span> <span class='ocrx_word' id='word_1_46' title='bbox 494 1405 607 1469; x_wconf 87' lang='lat' dir='ltr'><strong>Phoen.</strong></span> <span class='ocrx_word' id='word_1_47' title='bbox 626 1424 718 1486; x_wconf 83' lang='lat'><strong>1072.</strong></span> <span class='ocrx_word' id='word_1_48' title='bbox 740 1405 847 1491; x_wconf 84' lang='lat' dir='ltr'>ibique</span> <span class='ocrx_word' id='word_1_49' title='bbox 870 1403 1072 1470; x_wconf 83' lang='lat' dir='ltr'><strong>Vdckenaerii</strong></span> <span class='ocrx_word' id='word_1_50' title='bbox 1094 1420 1212 1469; x_wconf 76' lang='lat' dir='ltr'><strong>noum.</strong></span> <span class='ocrx_word' id='word_1_51' title='bbox 1236 1407 1340 1471; x_wconf 89' lang='lat' dir='ltr'><strong>SCH.</strong></span> 
     </span>
     <span class='ocr_line' id='line_1_11' title="bbox 244 1504 1232 1593; baseline 0.001 -24"><span class='ocrx_word' id='word_1_52' title='bbox 244 1506 532 1592; x_wconf 88' lang='lat' dir='ltr'><strong>Interpunctionem</strong></span> <span class='ocrx_word' id='word_1_53' title='bbox 549 1521 619 1593; x_wconf 86' lang='lat' dir='ltr'><strong>post</strong></span> <span class='ocrx_word' id='word_1_54' title='bbox 634 1511 829 1589; x_wconf 78' lang='grc' dir='ltr'>συγκαλυπτὰ</span> <span class='ocrx_word' id='word_1_55' title='bbox 842 1519 925 1570; x_wconf 85' lang='lat' dir='ltr'><strong>recte</strong></span> <span class='ocrx_word' id='word_1_56' title='bbox 939 1504 1020 1570; x_wconf 89' lang='lat' dir='ltr'><strong>tollit</strong></span> <span class='ocrx_word' id='word_1_57' title='bbox 1036 1505 1232 1571; x_wconf 85' lang='lat' dir='ltr'><strong>Schuetzius.</strong></span> 
     </span>
    </p>

    <p class='ocr_par' dir='ltr' id='par_1_9' title="bbox 243 1606 1339 1899">
     <span class='ocr_line' id='line_1_12' title="bbox 285 1606 1339 1694; baseline 0 -24"><span class='ocrx_word' id='word_1_58' title='bbox 285 1622 360 1692; x_wconf 85' lang='lat'><strong>497.</strong></span> <span class='ocrx_word' id='word_1_59' title='bbox 375 1607 490 1694; x_wconf 78' lang='grc' dir='ltr'>ὀσφὺν]</span> <span class='ocrx_word' id='word_1_60' title='bbox 503 1610 604 1690; x_wconf 79' lang='grc' dir='ltr'>ὀσφῆν</span> <span class='ocrx_word' id='word_1_61' title='bbox 615 1607 691 1672; x_wconf 87' lang='lat' dir='ltr'><strong>Ald.</strong></span> <span class='ocrx_word' id='word_1_62' title='bbox 708 1611 805 1690; x_wconf 83' lang='grc' dir='ltr'>ὀφρῦν</span> <span class='ocrx_word' id='word_1_63' title='bbox 817 1610 876 1672; x_wconf 87' lang='lat' dir='ltr'><strong>Ar.</strong></span> <span class='ocrx_word' id='word_1_64' title='bbox 900 1606 1106 1673; x_wconf 88' lang='lat' dir='ltr'><strong>Scribendum</strong></span> <span class='ocrx_word' id='word_1_65' title='bbox 1122 1610 1231 1689; x_wconf 79' lang='grc' dir='ltr'>ὀσφῦν.</span> <span class='ocrx_word' id='word_1_66' title='bbox 1254 1609 1339 1672; x_wconf 89' lang='lat' dir='ltr'><strong>Nam</strong></span> 
     </span>
     <span class='ocr_line' id='line_1_13' title="bbox 243 1708 1338 1795; baseline 0.001 -24"><span class='ocrx_word' id='word_1_67' title='bbox 243 1711 341 1790; x_wconf 78' lang='grc' dir='ltr'>θσφθτ</span> <span class='ocrx_word' id='word_1_68' title='bbox 368 1708 606 1795; x_wconf 87' lang='lat' dir='ltr'><strong>perispomenon</strong></span> <span class='ocrx_word' id='word_1_69' title='bbox 634 1733 700 1774; x_wconf 86' lang='lat' dir='ltr'><strong>esse</strong></span> <span class='ocrx_word' id='word_1_70' title='bbox 724 1709 837 1774; x_wconf 82' lang='lat' dir='ltr'>docent</span> <span class='ocrx_word' id='word_1_71' title='bbox 863 1709 1066 1774; x_wconf 89' lang='lat' dir='ltr'><strong>Herodianus</strong></span> <span class='ocrx_word' id='word_1_72' title='bbox 1087 1710 1155 1791; x_wconf 72' lang='grc' dir='ltr'>περὶ</span> <span class='ocrx_word' id='word_1_73' title='bbox 1179 1735 1246 1789; x_wconf 87' lang='grc' dir='ltr'>μου.</span> <span class='ocrx_word' id='word_1_74' title='bbox 1272 1709 1338 1788; x_wconf 81' lang='grc' dir='ltr'><strong>λέξ.</strong></span> 
     </span>
     <span class='ocr_line' id='line_1_14' title="bbox 243 1812 805 1899; baseline 0.005 -26"><span class='ocrx_word' id='word_1_75' title='bbox 243 1832 276 1896; x_wconf 93' lang='lat' dir='ltr'><strong>p.</strong></span> <span class='ocrx_word' id='word_1_76' title='bbox 291 1830 344 1895; x_wconf 87' lang='lat'><strong>31,</strong></span> <span class='ocrx_word' id='word_1_77' title='bbox 359 1814 408 1875; x_wconf 88' lang='lat'><strong>16.</strong></span> <span class='ocrx_word' id='word_1_78' title='bbox 423 1826 455 1876; x_wconf 86' lang='lat' dir='ltr'><strong>et</strong></span> <span class='ocrx_word' id='word_1_79' title='bbox 469 1812 626 1876; x_wconf 80' lang='lat' dir='ltr'><strong>Arcadius</strong></span> <span class='ocrx_word' id='word_1_80' title='bbox 640 1835 672 1899; x_wconf 88' lang='lat' dir='ltr'><strong>p.</strong></span> <span class='ocrx_word' id='word_1_81' title='bbox 687 1831 739 1895; x_wconf 75' lang='grc' dir='ltr'><strong>ρο,</strong></span> <span class='ocrx_word' id='word_1_82' title='bbox 756 1832 805 1876; x_wconf 87' lang='grc'><strong>11.</strong></span> 
     </span>
    </p>

    <p class='ocr_par' dir='ltr' id='par_1_10' title="bbox 241 1912 1340 2404">
     <span class='ocr_line' id='line_1_15' title="bbox 284 1912 1340 2000; baseline 0.002 -24"><span class='ocrx_word' id='word_1_83' title='bbox 284 1913 358 1996; x_wconf 89' lang='grc'><strong>498.</strong></span> <span class='ocrx_word' id='word_1_84' title='bbox 375 1917 524 1995; x_wconf 74' lang='grc' dir='ltr'>φλογωπὰ</span> <span class='ocrx_word' id='word_1_85' title='bbox 539 1914 670 1999; x_wconf 81' lang='grc' dir='ltr'>σήματα]</span> <span class='ocrx_word' id='word_1_86' title='bbox 688 1915 853 1978; x_wconf 77' lang='lat' dir='ltr'><strong><em>Flammea</em></strong></span> <span class='ocrx_word' id='word_1_87' title='bbox 865 1915 976 2000; x_wconf 72' lang='lat' dir='ltr'><strong>signa.</strong></span> <span class='ocrx_word' id='word_1_88' title='bbox 1020 1913 1182 1999; x_wconf 82' lang='lat' dir='ltr'><strong>Loquitur</strong></span> <span class='ocrx_word' id='word_1_89' title='bbox 1194 1912 1235 1977; x_wconf 85' lang='lat' dir='ltr'><strong>de</strong></span> <span class='ocrx_word' id='word_1_90' title='bbox 1249 1914 1340 1993; x_wconf 88' lang='grc' dir='ltr'>ἐμπν-</span> 
     </span>
     <span class='ocr_line' id='line_1_16' title="bbox 241 2014 1340 2103; baseline -0.001 -24"><span class='ocrx_word' id='word_1_91' title='bbox 241 2018 409 2100; x_wconf 73' lang='grc' dir='ltr'>ρσμαντεέρ,</span> <span class='ocrx_word' id='word_1_92' title='bbox 425 2018 607 2103; x_wconf 71' lang='lat' dir='ltr'><strong>igttlape&#39;cc&#39;o.</strong></span> <span class='ocrx_word' id='word_1_93' title='bbox 646 2018 686 2080; x_wconf 93' lang='lat' dir='ltr'><strong>In</strong></span> <span class='ocrx_word' id='word_1_94' title='bbox 701 2014 870 2103; x_wconf 82' lang='lat' dir='ltr'><strong>ignispiciis</strong></span> <span class='ocrx_word' id='word_1_95' title='bbox 882 2014 1038 2078; x_wconf 86' lang='lat' dir='ltr'><strong>flammam</strong></span> <span class='ocrx_word' id='word_1_96' title='bbox 1053 2015 1245 2101; x_wconf 76' lang='lat' dir='ltr'><strong>spectabant,</strong></span> <span class='ocrx_word' id='word_1_97' title='bbox 1259 2037 1340 2100; x_wconf 86' lang='lat' dir='ltr'><strong>quo-</strong></span> 
     </span>
     <span class='ocr_line' id='line_1_17' title="bbox 242 2114 1339 2206; baseline 0.001 -26"><span class='ocrx_word' id='word_1_98' title='bbox 242 2117 337 2182; x_wconf 91' lang='lat' dir='ltr'><strong>modo</strong></span> <span class='ocrx_word' id='word_1_99' title='bbox 355 2141 388 2181; x_wconf 88' lang='lat' dir='ltr'><strong>se</strong></span> <span class='ocrx_word' id='word_1_100' title='bbox 410 2141 465 2203; x_wconf 85' lang='lat' dir='ltr'><strong>per</strong></span> <span class='ocrx_word' id='word_1_101' title='bbox 486 2141 578 2182; x_wconf 84' lang='lat' dir='ltr'><strong>auras</strong></span> <span class='ocrx_word' id='word_1_102' title='bbox 598 2118 775 2206; x_wconf 81' lang='lat' dir='ltr'><strong>explicaret.</strong></span> <span class='ocrx_word' id='word_1_103' title='bbox 820 2116 929 2180; x_wconf 81' lang='lat' dir='ltr'><strong>Adeas</strong></span> <span class='ocrx_word' id='word_1_104' title='bbox 947 2114 1096 2180; x_wconf 87' lang='lat' dir='ltr'><strong>Valcken.</strong></span> <span class='ocrx_word' id='word_1_105' title='bbox 1119 2115 1159 2179; x_wconf 85' lang='lat' dir='ltr'><strong>ad</strong></span> <span class='ocrx_word' id='word_1_106' title='bbox 1184 2116 1339 2181; x_wconf 83' lang='lat' dir='ltr'><strong>Phoeniss.</strong></span> 
     </span>
     <span class='ocr_line' id='line_1_18' title="bbox 245 2219 1340 2306; baseline 0.001 -24"><span class='ocrx_word' id='word_1_107' title='bbox 245 2222 338 2283; x_wconf 81' lang='lat'><strong>1261.</strong></span> <span class='ocrx_word' id='word_1_108' title='bbox 361 2219 469 2306; x_wconf 82' lang='lat' dir='ltr'><strong>Apoll.</strong></span> <span class='ocrx_word' id='word_1_109' title='bbox 486 2219 721 2300; x_wconf 86' lang='lat' dir='ltr'><strong>Rhod.1,144.</strong></span> <span class='ocrx_word' id='word_1_110' title='bbox 744 2219 832 2286; x_wconf 71' lang='lat' dir='ltr'><strong>clads</strong></span> <span class='ocrx_word' id='word_1_111' title='bbox 852 2220 885 2282; x_wconf 78' lang='grc' dir='ltr'>δέ</span> <span class='ocrx_word' id='word_1_112' title='bbox 907 2219 1086 2299; x_wconf 71' lang='grc' dir='ltr'>θεοπροπίας</span> <span class='ocrx_word' id='word_1_113' title='bbox 1107 2219 1240 2297; x_wconf 68' lang='grc' dir='ltr'>ἐδίδαξεν</span> <span class='ocrx_word' id='word_1_114' title='bbox 1261 2221 1340 2283; x_wconf 79' lang='lat' dir='ltr'><strong>Olu-</strong></span> 
     </span>
     <span class='ocr_line' id='line_1_19' title="bbox 243 2319 1142 2404; baseline -0.002 -20"><span class='ocrx_word' id='word_1_115' title='bbox 243 2322 312 2388; x_wconf 80' lang='grc' dir='ltr'>νούτ</span> <span class='ocrx_word' id='word_1_116' title='bbox 325 2320 351 2384; x_wconf 88' lang='grc' dir='ltr'><strong>τ’</strong></span> <span class='ocrx_word' id='word_1_117' title='bbox 366 2322 500 2404; x_wconf 80' lang='grc' dir='ltr'>ἆλέγειν,</span> <span class='ocrx_word' id='word_1_118' title='bbox 515 2323 560 2401; x_wconf 81' lang='grc' dir='ltr'><strong>ἠδ’</strong></span> <span class='ocrx_word' id='word_1_119' title='bbox 575 2322 689 2401; x_wconf 82' lang='grc' dir='ltr'>ἔμπυρα</span> <span class='ocrx_word' id='word_1_120' title='bbox 703 2320 809 2400; x_wconf 80' lang='grc' dir='ltr'>σήματ’</span> <span class='ocrx_word' id='word_1_121' title='bbox 824 2319 951 2384; x_wconf 60' lang='lat' dir='ltr'><strong>uinea</strong></span> <span class='ocrx_word' id='word_1_122' title='bbox 968 2319 1142 2384; x_wconf 82' lang='lat' dir='ltr'><strong>BLOMF.</strong></span> 
     </span>
    </p>

    <p class='ocr_par' dir='ltr' id='par_1_11' title="bbox 240 2420 1343 2908">
     <span class='ocr_line' id='line_1_20' title="bbox 283 2420 1337 2509; baseline 0 -22"><span class='ocrx_word' id='word_1_123' title='bbox 283 2444 360 2507; x_wconf 90' lang='lat'><strong>499.</strong></span> <span class='ocrx_word' id='word_1_124' title='bbox 376 2423 591 2509; x_wconf 71' lang='grc' dir='ltr'>ἐξωμμάτωσα]</span> <span class='ocrx_word' id='word_1_125' title='bbox 607 2423 731 2487; x_wconf 78' lang='lat' dir='ltr'><strong>Lucida</strong></span> <span class='ocrx_word' id='word_1_126' title='bbox 743 2422 879 2485; x_wconf 75' lang='lat' dir='ltr'><strong>reddidi.</strong></span> <span class='ocrx_word' id='word_1_127' title='bbox 905 2421 1038 2508; x_wconf 81' lang='lat' dir='ltr'><strong>Proprie</strong></span> <span class='ocrx_word' id='word_1_128' title='bbox 1053 2420 1167 2486; x_wconf 88' lang='lat' dir='ltr'><strong>dicitur</strong></span> <span class='ocrx_word' id='word_1_129' title='bbox 1181 2421 1222 2486; x_wconf 86' lang='lat' dir='ltr'><strong>de</strong></span> <span class='ocrx_word' id='word_1_130' title='bbox 1235 2424 1337 2501; x_wconf 81' lang='lat' dir='ltr'><strong>caecis,</strong></span> 
     </span>
     <span class='ocr_line' id='line_1_21' title="bbox 241 2522 1336 2610; baseline 0.003 -24"><span class='ocrx_word' id='word_1_131' title='bbox 241 2524 293 2587; x_wconf 88' lang='lat' dir='ltr'><strong>cui</strong></span> <span class='ocrx_word' id='word_1_132' title='bbox 308 2525 392 2588; x_wconf 83' lang='lat' dir='ltr'><strong>visus</strong></span> <span class='ocrx_word' id='word_1_133' title='bbox 408 2524 562 2589; x_wconf 82' lang='lat' dir='ltr'><strong>redditur.</strong></span> <span class='ocrx_word' id='word_1_134' title='bbox 584 2524 749 2610; x_wconf 87' lang='lat' dir='ltr'><strong>Aristoph.</strong></span> <span class='ocrx_word' id='word_1_135' title='bbox 765 2523 853 2588; x_wconf 87' lang='lat' dir='ltr'><strong>Plut.</strong></span> <span class='ocrx_word' id='word_1_136' title='bbox 867 2525 908 2609; x_wconf 84' lang='lat'><strong>63</strong></span> <span class='ocrx_word' id='word_1_137' title='bbox 910 2538 942 2608; x_wconf 86' lang='grc'><strong>5.</strong></span> <span class='ocrx_word' id='word_1_138' title='bbox 963 2522 1191 2603; x_wconf 76' lang='grc' dir='ltr'>Ἐξομμθτοται</span> <span class='ocrx_word' id='word_1_139' title='bbox 1213 2526 1263 2589; x_wconf 68' lang='grc' dir='ltr'><strong>καὶ</strong></span> <span class='ocrx_word' id='word_1_140' title='bbox 1283 2533 1336 2589; x_wconf 86' lang='grc' dir='ltr'>λε-</span> 
     </span>
     <span class='ocr_line' id='line_1_22' title="bbox 240 2624 1339 2712; baseline 0.002 -24"><span class='ocrx_word' id='word_1_141' title='bbox 240 2624 427 2706; x_wconf 69' lang='grc' dir='ltr'>λάμπρυνται</span> <span class='ocrx_word' id='word_1_142' title='bbox 441 2628 539 2706; x_wconf 80' lang='grc' dir='ltr'>κόρας.</span> <span class='ocrx_word' id='word_1_143' title='bbox 555 2647 650 2710; x_wconf 89' lang='lat' dir='ltr'><strong>qncm</strong></span> <span class='ocrx_word' id='word_1_144' title='bbox 664 2647 789 2688; x_wconf 84' lang='lat' dir='ltr'><strong>versum</strong></span> <span class='ocrx_word' id='word_1_145' title='bbox 805 2648 823 2689; x_wconf 89' lang='lat' dir='ltr'><strong>e</strong></span> <span class='ocrx_word' id='word_1_146' title='bbox 839 2625 1002 2712; x_wconf 83' lang='lat' dir='ltr'><strong>Sophoclis</strong></span> <span class='ocrx_word' id='word_1_147' title='bbox 1016 2626 1138 2690; x_wconf 85' lang='lat' dir='ltr'><strong>Phineo</strong></span> <span class='ocrx_word' id='word_1_148' title='bbox 1151 2648 1218 2689; x_wconf 83' lang='lat' dir='ltr'><strong>esse</strong></span> <span class='ocrx_word' id='word_1_149' title='bbox 1232 2641 1339 2691; x_wconf 86' lang='lat' dir='ltr'><strong>monet</strong></span> 
     </span>
     <span class='ocr_line' id='line_1_23' title="bbox 242 2724 1343 2814; baseline 0.004 -26"><span class='ocrx_word' id='word_1_150' title='bbox 242 2725 424 2790; x_wconf 81' lang='lat' dir='ltr'><strong>Scholiasta.</strong></span> <span class='ocrx_word' id='word_1_151' title='bbox 440 2726 599 2804; x_wconf 69' lang='grc' dir='ltr'>Ὀγυιατθω</span> <span class='ocrx_word' id='word_1_152' title='bbox 612 2726 747 2790; x_wconf 85' lang='lat' dir='ltr'><strong>occurrit</strong></span> <span class='ocrx_word' id='word_1_153' title='bbox 762 2724 904 2813; x_wconf 90' lang='lat' dir='ltr'><strong>Choeph.</strong></span> <span class='ocrx_word' id='word_1_154' title='bbox 921 2728 996 2811; x_wconf 76' lang='lat'><strong>852.</strong></span> <span class='ocrx_word' id='word_1_155' title='bbox 1013 2729 1126 2814; x_wconf 89' lang='lat' dir='ltr'><strong>Suppl.</strong></span> <span class='ocrx_word' id='word_1_156' title='bbox 1141 2730 1219 2814; x_wconf 82' lang='lat'><strong>463.</strong></span> <span class='ocrx_word' id='word_1_157' title='bbox 1242 2730 1343 2808; x_wconf 60' lang='grc' dir='ltr'>Ξυνῖμ</span> 
     </span>
     <span class='ocr_line' id='line_1_24' title="bbox 242 2826 981 2908; baseline 0 -19"><span class='ocrx_word' id='word_1_158' title='bbox 242 2847 303 2893; x_wconf 71' lang='grc' dir='ltr'>κατ’</span> <span class='ocrx_word' id='word_1_159' title='bbox 326 2826 494 2905; x_wconf 76' lang='grc' dir='ltr'>ὦμμθτωσο</span> <span class='ocrx_word' id='word_1_160' title='bbox 508 2830 566 2907; x_wconf 73' lang='grc' dir='ltr'><strong>γὰρ</strong></span> <span class='ocrx_word' id='word_1_161' title='bbox 581 2827 779 2908; x_wconf 75' lang='grc' dir='ltr'>σαφέστερον.</span> <span class='ocrx_word' id='word_1_162' title='bbox 805 2829 981 2892; x_wconf 86' lang='lat' dir='ltr'><strong>BLOMF.</strong></span> 
     </span>
    </p>

    <p class='ocr_par' dir='ltr' id='par_1_12' title="bbox 239 2927 1339 3213">
     <span class='ocr_line' id='line_1_25' title="bbox 284 2927 1339 3017; baseline 0.005 -27"><span class='ocrx_word' id='word_1_163' title='bbox 284 2927 450 3013; x_wconf 80' lang='grc' dir='ltr'>ἔπθργεμα]</span> <span class='ocrx_word' id='word_1_164' title='bbox 470 2929 620 3015; x_wconf 77' lang='lat' dir='ltr'><strong>Caligine</strong></span> <span class='ocrx_word' id='word_1_165' title='bbox 633 2929 776 3008; x_wconf 75' lang='lat' dir='ltr'><strong>obducta,</strong></span> <span class='ocrx_word' id='word_1_166' title='bbox 787 2928 828 2993; x_wconf 83' lang='lat' dir='ltr'><strong>ab</strong></span> <span class='ocrx_word' id='word_1_167' title='bbox 843 2931 974 3011; x_wconf 74' lang='grc' dir='ltr'>θργεμον</span> <span class='ocrx_word' id='word_1_168' title='bbox 986 2930 1105 3017; x_wconf 77' lang='lat' dir='ltr'><strong>albugo</strong></span> <span class='ocrx_word' id='word_1_169' title='bbox 1116 2931 1209 2994; x_wconf 75' lang='lat' dir='ltr'><strong>auli.</strong></span> <span class='ocrx_word' id='word_1_170' title='bbox 1227 2928 1339 3013; x_wconf 73' lang='grc' dir='ltr'><strong>Ι’ἐιργε-</strong></span> 
     </span>
     <span class='ocr_line' id='line_1_26' title="bbox 239 3030 1337 3112; baseline 0.002 -19"><span class='ocrx_word' id='word_1_171' title='bbox 239 3055 298 3108; x_wconf 87' lang='grc' dir='ltr'>μου</span> <span class='ocrx_word' id='word_1_172' title='bbox 313 3031 408 3107; x_wconf 84' lang='grc' dir='ltr'>ἐστὶν,</span> <span class='ocrx_word' id='word_1_173' title='bbox 421 3032 495 3093; x_wconf 84' lang='grc' dir='ltr'>ὅταν</span> <span class='ocrx_word' id='word_1_174' title='bbox 510 3033 584 3094; x_wconf 76' lang='grc' dir='ltr'>κατὰ</span> <span class='ocrx_word' id='word_1_175' title='bbox 597 3030 651 3093; x_wconf 86' lang='grc' dir='ltr'><strong>τὸν</strong></span> <span class='ocrx_word' id='word_1_176' title='bbox 665 3030 717 3110; x_wconf 82' lang='grc' dir='ltr'><strong>τῆτ</strong></span> <span class='ocrx_word' id='word_1_177' title='bbox 730 3034 822 3112; x_wconf 71' lang='grc' dir='ltr'>ἔριδος</span> <span class='ocrx_word' id='word_1_178' title='bbox 833 3032 952 3104; x_wconf 75' lang='grc' dir='ltr'>κύκλον,</span> <span class='ocrx_word' id='word_1_179' title='bbox 965 3032 1014 3095; x_wconf 68' lang='grc' dir='ltr'><strong>καὶ</strong></span> <span class='ocrx_word' id='word_1_180' title='bbox 1027 3032 1062 3094; x_wconf 84' lang='grc' dir='ltr'><strong>τὸ</strong></span> <span class='ocrx_word' id='word_1_181' title='bbox 1076 3033 1224 3110; x_wconf 64' lang='grc' dir='ltr'>λεύκωμα,</span> <span class='ocrx_word' id='word_1_182' title='bbox 1240 3033 1337 3096; x_wconf 75' lang='grc' dir='ltr'>ἐνίοτε</span> 
     </span>
     <span class='ocr_line' id='line_1_27' title="bbox 240 3131 1337 3213; baseline 0.001 -19"><span class='ocrx_word' id='word_1_183' title='bbox 240 3133 274 3194; x_wconf 81' lang='grc' dir='ltr'>δέ</span> <span class='ocrx_word' id='word_1_184' title='bbox 295 3131 329 3194; x_wconf 83' lang='grc' dir='ltr'><strong>τὸ</strong></span> <span class='ocrx_word' id='word_1_185' title='bbox 348 3131 457 3211; x_wconf 85' lang='grc' dir='ltr'>μέλαν,</span> <span class='ocrx_word' id='word_1_186' title='bbox 482 3132 571 3198; x_wconf 78' lang='grc' dir='ltr'>ἕλκος</span> <span class='ocrx_word' id='word_1_187' title='bbox 596 3133 710 3211; x_wconf 79' lang='grc' dir='ltr'>γίνεται</span> <span class='ocrx_word' id='word_1_188' title='bbox 732 3135 921 3213; x_wconf 85' lang='grc' dir='ltr'>στρόγγυλου</span> <span class='ocrx_word' id='word_1_189' title='bbox 946 3132 995 3194; x_wconf 76' lang='grc' dir='ltr'><strong>καὶ</strong></span> <span class='ocrx_word' id='word_1_190' title='bbox 1018 3132 1196 3196; x_wconf 78' lang='grc' dir='ltr'>ὑπόλευκον.</span> <span class='ocrx_word' id='word_1_191' title='bbox 1223 3131 1337 3196; x_wconf 79' lang='lat' dir='ltr'><strong>Galen.</strong></span> 
     </span>
    </p>
   </div>
   <div class='ocr_carea' id='block_1_6' title="bbox 238 3231 1340 4431">
    <p class='ocr_par' dir='ltr' id='par_1_13' title="bbox 239 3231 1337 3521">
     <span class='ocr_line' id='line_1_28' title="bbox 241 3231 1336 3317; baseline 0 -21"><span class='ocrx_word' id='word_1_192' title='bbox 241 3233 364 3297; x_wconf 88' lang='lat' dir='ltr'><strong>Introd.</strong></span> <span class='ocrx_word' id='word_1_193' title='bbox 379 3257 405 3296; x_wconf 94' lang='grc' dir='ltr'><strong>ο.</strong></span> <span class='ocrx_word' id='word_1_194' title='bbox 419 3247 468 3317; x_wconf 84' lang='grc'><strong>15.</strong></span> <span class='ocrx_word' id='word_1_195' title='bbox 479 3231 617 3314; x_wconf 77' lang='grc' dir='ltr'>’λργεμα</span> <span class='ocrx_word' id='word_1_196' title='bbox 629 3236 703 3296; x_wconf 76' lang='grc' dir='ltr'>κατὰ</span> <span class='ocrx_word' id='word_1_197' title='bbox 714 3235 846 3311; x_wconf 76' lang='grc' dir='ltr'>Δίδυμου</span> <span class='ocrx_word' id='word_1_198' title='bbox 857 3235 894 3295; x_wconf 73' lang='grc' dir='ltr'><strong>τα</strong></span> <span class='ocrx_word' id='word_1_199' title='bbox 908 3232 956 3295; x_wconf 73' lang='grc' dir='ltr'><strong>ἐπὶ</strong></span> <span class='ocrx_word' id='word_1_200' title='bbox 971 3235 1137 3312; x_wconf 66' lang='grc' dir='ltr'>ὀφθαλμοῖιν</span> <span class='ocrx_word' id='word_1_201' title='bbox 1151 3235 1336 3311; x_wconf 64' lang='grc' dir='ltr'>λευκόματα,</span> 
     </span>
     <span class='ocr_line' id='line_1_29' title="bbox 239 3331 1337 3419; baseline 0.002 -23"><span class='ocrx_word' id='word_1_202' title='bbox 239 3335 282 3398; x_wconf 77' lang='grc' dir='ltr'><strong>ὧν</strong></span> <span class='ocrx_word' id='word_1_203' title='bbox 294 3334 392 3414; x_wconf 76' lang='grc' dir='ltr'>μνήμη</span> <span class='ocrx_word' id='word_1_204' title='bbox 407 3339 447 3419; x_wconf 73' lang='grc' dir='ltr'><strong>τῷ</strong></span> <span class='ocrx_word' id='word_1_205' title='bbox 463 3336 606 3418; x_wconf 69' lang='grc' dir='ltr'>Αἰσχύλῳ</span> <span class='ocrx_word' id='word_1_206' title='bbox 617 3336 651 3397; x_wconf 92' lang='grc' dir='ltr'><strong>ἐν</strong></span> <span class='ocrx_word' id='word_1_207' title='bbox 665 3337 705 3418; x_wconf 68' lang='grc' dir='ltr'><strong>τᾷ</strong></span> <span class='ocrx_word' id='word_1_208' title='bbox 720 3334 862 3414; x_wconf 84' lang='grc' dir='ltr'>Πρόσθευ</span> <span class='ocrx_word' id='word_1_209' title='bbox 876 3331 937 3396; x_wconf 86' lang='grc' dir='ltr'>ὄντ’</span> <span class='ocrx_word' id='word_1_210' title='bbox 953 3332 1115 3413; x_wconf 69' lang='grc' dir='ltr'>ἐπάργεμα.</span> <span class='ocrx_word' id='word_1_211' title='bbox 1131 3333 1280 3397; x_wconf 83' lang='lat' dir='ltr'><strong>Eustath.</strong></span> <span class='ocrx_word' id='word_1_212' title='bbox 1295 3335 1337 3398; x_wconf 83' lang='lat' dir='ltr'><strong>ad</strong></span> 
     </span>
     <span class='ocr_line' id='line_1_30' title="bbox 239 3433 1324 3521; baseline -0.001 -24"><span class='ocrx_word' id='word_1_213' title='bbox 239 3435 303 3497; x_wconf 92' lang='lat' dir='ltr'><strong>Od.</strong></span> <span class='ocrx_word' id='word_1_214' title='bbox 319 3441 353 3498; x_wconf 91' lang='lat' dir='ltr'><strong>B.</strong></span> <span class='ocrx_word' id='word_1_215' title='bbox 371 3459 403 3521; x_wconf 93' lang='lat' dir='ltr'><strong>p.</strong></span> <span class='ocrx_word' id='word_1_216' title='bbox 418 3455 511 3520; x_wconf 86' lang='lat'><strong>1430,</strong></span> <span class='ocrx_word' id='word_1_217' title='bbox 528 3437 581 3498; x_wconf 86' lang='lat'><strong>60.</strong></span> <span class='ocrx_word' id='word_1_218' title='bbox 597 3434 649 3499; x_wconf 79' lang='lat' dir='ltr'><strong>Cf.</strong></span> <span class='ocrx_word' id='word_1_219' title='bbox 663 3436 778 3520; x_wconf 84' lang='lat' dir='ltr'><strong>Agam.</strong></span> <span class='ocrx_word' id='word_1_220' title='bbox 791 3454 885 3518; x_wconf 89' lang='grc'>1115.</span> <span class='ocrx_word' id='word_1_221' title='bbox 902 3433 1046 3520; x_wconf 88' lang='lat' dir='ltr'><strong>Choeph.</strong></span> <span class='ocrx_word' id='word_1_222' title='bbox 1057 3436 1133 3518; x_wconf 88' lang='lat'><strong>663.</strong></span> <span class='ocrx_word' id='word_1_223' title='bbox 1149 3434 1324 3497; x_wconf 84' lang='lat' dir='ltr'><strong>BLOMF.</strong></span> 
     </span>
    </p>

    <p class='ocr_par' dir='ltr' id='par_1_14' title="bbox 281 3533 907 3619">
     <span class='ocr_line' id='line_1_31' title="bbox 281 3533 907 3619; baseline -0.002 -20"><span class='ocrx_word' id='word_1_224' title='bbox 281 3554 356 3619; x_wconf 82' lang='lat'><strong>500.</strong></span> <span class='ocrx_word' id='word_1_225' title='bbox 374 3537 491 3618; x_wconf 84' lang='grc' dir='ltr'>ἔνερθε]</span> <span class='ocrx_word' id='word_1_226' title='bbox 510 3537 632 3615; x_wconf 84' lang='grc' dir='ltr'>ἔνερθεν</span> <span class='ocrx_word' id='word_1_227' title='bbox 646 3534 739 3599; x_wconf 93' lang='lat' dir='ltr'><strong>codd.</strong></span> <span class='ocrx_word' id='word_1_228' title='bbox 754 3533 907 3599; x_wconf 89' lang='lat' dir='ltr'><strong>nonnulli.</strong></span> 
     </span>
    </p>

    <p class='ocr_par' dir='ltr' id='par_1_15' title="bbox 281 3635 712 3720">
     <span class='ocr_line' id='line_1_32' title="bbox 281 3635 712 3720; baseline -0.005 -21"><span class='ocrx_word' id='word_1_229' title='bbox 281 3652 356 3719; x_wconf 82' lang='lat'><strong>502.</strong></span> <span class='ocrx_word' id='word_1_230' title='bbox 371 3635 508 3720; x_wconf 67' lang='grc' dir='ltr'>σῶηρον]</span> <span class='ocrx_word' id='word_1_231' title='bbox 525 3639 648 3718; x_wconf 78' lang='grc' dir='ltr'>σίδαρον</span> <span class='ocrx_word' id='word_1_232' title='bbox 663 3638 712 3699; x_wconf 91' lang='grc' dir='ltr'><strong>Μ.</strong></span> 
     </span>
    </p>

    <p class='ocr_par' dir='ltr' id='par_1_16' title="bbox 281 3735 1245 3820">
     <span class='ocr_line' id='line_1_33' title="bbox 281 3735 1245 3820; baseline -0.001 -20"><span class='ocrx_word' id='word_1_233' title='bbox 281 3741 395 3818; x_wconf 85' lang='grc' dir='ltr'>χρυσόν</span> <span class='ocrx_word' id='word_1_234' title='bbox 409 3739 455 3819; x_wconf 87' lang='grc' dir='ltr'>τε]</span> <span class='ocrx_word' id='word_1_235' title='bbox 473 3736 587 3819; x_wconf 84' lang='grc' dir='ltr'>χρυσὸν</span> <span class='ocrx_word' id='word_1_236' title='bbox 601 3740 634 3799; x_wconf 78' lang='grc' dir='ltr'>δέ</span> <span class='ocrx_word' id='word_1_237' title='bbox 650 3738 699 3799; x_wconf 86' lang='grc' dir='ltr'><strong>Μ.</strong></span> <span class='ocrx_word' id='word_1_238' title='bbox 715 3735 830 3820; x_wconf 87' lang='lat' dir='ltr'><strong>aliique</strong></span> <span class='ocrx_word' id='word_1_239' title='bbox 844 3735 984 3799; x_wconf 87' lang='lat' dir='ltr'><strong>nonnulli</strong></span> <span class='ocrx_word' id='word_1_240' title='bbox 999 3751 1030 3799; x_wconf 89' lang='lat' dir='ltr'><strong>et</strong></span> <span class='ocrx_word' id='word_1_241' title='bbox 1046 3735 1123 3798; x_wconf 84' lang='lat' dir='ltr'><strong>Ald.</strong></span> <span class='ocrx_word' id='word_1_242' title='bbox 1140 3738 1245 3799; x_wconf 83' lang='lat' dir='ltr'><strong>Turn.</strong></span> 
     </span>
    </p>

    <p class='ocr_par' dir='ltr' id='par_1_17' title="bbox 238 3836 1340 4431">
     <span class='ocr_line' id='line_1_34' title="bbox 281 3836 1339 3924; baseline -0.002 -21"><span class='ocrx_word' id='word_1_243' title='bbox 281 3858 358 3922; x_wconf 83' lang='lat'><strong>503.</strong></span> <span class='ocrx_word' id='word_1_244' title='bbox 374 3838 518 3919; x_wconf 83' lang='grc' dir='ltr'>πάροιθεν</span> <span class='ocrx_word' id='word_1_245' title='bbox 533 3841 662 3918; x_wconf 56' lang='grc' dir='ltr'>ἐξευρεῖν</span> <span class='ocrx_word' id='word_1_246' title='bbox 673 3840 759 3920; x_wconf 79' lang='grc' dir='ltr'>ἐμοῦ]</span> <span class='ocrx_word' id='word_1_247' title='bbox 775 3836 865 3899; x_wconf 81' lang='lat' dir='ltr'><strong>Alios</strong></span> <span class='ocrx_word' id='word_1_248' title='bbox 877 3853 1051 3922; x_wconf 86' lang='lat' dir='ltr'><strong>repertores</strong></span> <span class='ocrx_word' id='word_1_249' title='bbox 1064 3839 1202 3924; x_wconf 83' lang='lat' dir='ltr'><strong>assignat</strong></span> <span class='ocrx_word' id='word_1_250' title='bbox 1215 3837 1339 3901; x_wconf 87' lang='lat' dir='ltr'><strong>Plinius</strong></span> 
     </span>
     <span class='ocr_line' id='line_1_35' title="bbox 241 3940 1338 4024; baseline -0.001 -23"><span class='ocrx_word' id='word_1_251' title='bbox 241 3957 269 4019; x_wconf 86' lang='lat'><strong>7,</strong></span> <span class='ocrx_word' id='word_1_252' title='bbox 284 3942 338 4022; x_wconf 85' lang='lat'><strong>56.</strong></span> <span class='ocrx_word' id='word_1_253' title='bbox 374 3942 514 4003; x_wconf 83' lang='lat' dir='ltr'><strong>Ferrum</strong></span> <span class='ocrx_word' id='word_1_254' title='bbox 528 3941 691 4003; x_wconf 71' lang='lat' dir='ltr'><strong>Hesiodus</strong></span> <span class='ocrx_word' id='word_1_255' title='bbox 707 3941 742 4001; x_wconf 75' lang='lat' dir='ltr'><strong>in</strong></span> <span class='ocrx_word' id='word_1_256' title='bbox 761 3941 854 4000; x_wconf 84' lang='lat' dir='ltr'><strong>Creta</strong></span> <span class='ocrx_word' id='word_1_257' title='bbox 868 3959 919 4001; x_wconf 80' lang='lat' dir='ltr'><strong>eoa</strong></span> <span class='ocrx_word' id='word_1_258' title='bbox 931 3941 986 4024; x_wconf 77' lang='lat' dir='ltr'><strong>qui</strong></span> <span class='ocrx_word' id='word_1_259' title='bbox 1002 3941 1103 4002; x_wconf 79' lang='lat' dir='ltr'><strong>vocati</strong></span> <span class='ocrx_word' id='word_1_260' title='bbox 1113 3949 1190 4002; x_wconf 79' lang='lat' dir='ltr'><strong>aunt</strong></span> <span class='ocrx_word' id='word_1_261' title='bbox 1205 3940 1338 4024; x_wconf 75' lang='lat' dir='ltr'><strong>Dactyli</strong></span> 
     </span>
     <span class='ocr_line' id='line_1_36' title="bbox 239 4040 1338 4127; baseline 0.002 -27"><span class='ocrx_word' id='word_1_262' title='bbox 239 4040 330 4101; x_wconf 79' lang='lat' dir='ltr'><strong>Idaei.</strong></span> <span class='ocrx_word' id='word_1_263' title='bbox 375 4042 554 4127; x_wconf 78' lang='lat' dir='ltr'><strong>Argentum</strong></span> <span class='ocrx_word' id='word_1_264' title='bbox 576 4042 698 4103; x_wconf 77' lang='lat' dir='ltr'><strong>inuenit</strong></span> <span class='ocrx_word' id='word_1_265' title='bbox 717 4040 945 4104; x_wconf 66' lang='lat' dir='ltr'><strong>Erichthonium</strong></span> <span class='ocrx_word' id='word_1_266' title='bbox 960 4041 1180 4112; x_wconf 59' lang='lat' dir='ltr'><strong>Atintania·</strong></span> <span class='ocrx_word' id='word_1_267' title='bbox 1209 4050 1245 4103; x_wconf 75' lang='lat' dir='ltr'><strong>ut</strong></span> <span class='ocrx_word' id='word_1_268' title='bbox 1266 4042 1338 4116; x_wconf 76' lang='lat' dir='ltr'><strong>alil,</strong></span> 
     </span>
     <span class='ocr_line' id='line_1_37' title="bbox 239 4141 1340 4228; baseline 0.002 -26"><span class='ocrx_word' id='word_1_269' title='bbox 239 4141 373 4205; x_wconf 79' lang='lat' dir='ltr'><strong>AEacua.</strong></span> <span class='ocrx_word' id='word_1_270' title='bbox 418 4144 502 4207; x_wconf 80' lang='lat' dir='ltr'><strong>Auri</strong></span> <span class='ocrx_word' id='word_1_271' title='bbox 527 4144 653 4206; x_wconf 70' lang='grc' dir='ltr'>πιοθαὶέα</span> <span class='ocrx_word' id='word_1_272' title='bbox 678 4152 708 4205; x_wconf 79' lang='lat' dir='ltr'><strong>et</strong></span> <span class='ocrx_word' id='word_1_273' title='bbox 736 4144 942 4228; x_wconf 76' lang='lat' dir='ltr'><strong>constaturam</strong></span> <span class='ocrx_word' id='word_1_274' title='bbox 969 4143 1110 4206; x_wconf 74' lang='lat' dir='ltr'><strong>Cadmus</strong></span> <span class='ocrx_word' id='word_1_275' title='bbox 1133 4143 1270 4205; x_wconf 70' lang='lat' dir='ltr'><strong>Phania</strong></span> <span class='ocrx_word' id='word_1_276' title='bbox 1294 4143 1340 4204; x_wconf 83' lang='lat' dir='ltr'><strong>ad</strong></span> 
     </span>
     <span class='ocr_line' id='line_1_38' title="bbox 239 4234 1337 4328; baseline 0.002 -24"><span class='ocrx_word' id='word_1_277' title='bbox 239 4241 418 4328; x_wconf 82' lang='lat' dir='ltr'><strong>Pangaenm</strong></span> <span class='ocrx_word' id='word_1_278' title='bbox 441 4255 596 4316; x_wconf 66' lang='lat' dir='ltr'><strong>montem</strong></span> <span class='ocrx_word' id='word_1_279' title='bbox 619 4253 656 4306; x_wconf 80' lang='lat' dir='ltr'><strong>at</strong></span> <span class='ocrx_word' id='word_1_280' title='bbox 676 4245 746 4317; x_wconf 77' lang='lat' dir='ltr'><strong>alii,</strong></span> <span class='ocrx_word' id='word_1_281' title='bbox 774 4243 880 4306; x_wconf 76' lang='grc' dir='ltr'>Τλοαο</span> <span class='ocrx_word' id='word_1_282' title='bbox 901 4253 932 4306; x_wconf 83' lang='lat' dir='ltr'><strong>et</strong></span> <span class='ocrx_word' id='word_1_283' title='bbox 950 4243 1074 4307; x_wconf 78' lang='lat' dir='ltr'><strong>AEaclia</strong></span> <span class='ocrx_word' id='word_1_284' title='bbox 1097 4234 1133 4306; x_wconf 76' lang='lat' dir='ltr'><strong>in</strong></span> <span class='ocrx_word' id='word_1_285' title='bbox 1155 4243 1337 4320; x_wconf 77' lang='lat' dir='ltr'><strong>Panchaia,</strong></span> 
     </span>
     <span class='ocr_line' id='line_1_39' title="bbox 238 4344 804 4431; baseline 0.005 -27"><span class='ocrx_word' id='word_1_286' title='bbox 238 4351 297 4405; x_wconf 80' lang='lat' dir='ltr'><strong>nul</strong></span> <span class='ocrx_word' id='word_1_287' title='bbox 311 4344 369 4408; x_wconf 88' lang='lat' dir='ltr'><strong>Sol</strong></span> <span class='ocrx_word' id='word_1_288' title='bbox 384 4346 610 4431; x_wconf 75' lang='lat' dir='ltr'><strong>Oceanifih‘un.</strong></span> <span class='ocrx_word' id='word_1_289' title='bbox 635 4345 804 4408; x_wconf 85' lang='lat' dir='ltr'><strong>STANL.</strong></span> 
     </span>
    </p>
   </div>
   <div class='ocr_carea' id='block_1_7' title="bbox 0 0 1494 5062">
    <p class='ocr_par' dir='ltr' id='par_1_18' title="bbox 0 0 1494 5062">
     <span class='ocr_line' id='line_1_40' title="bbox 0 0 1494 5062; baseline 0 2"><span class='ocrx_word' id='word_1_290' title='bbox 0 0 1494 5062; x_wconf 95' lang='lat' dir='ltr'><strong> </strong></span> 
     </span>
    </p>
   </div>
  </div>
 </body>
</html>
