2978 5062
254 343 318 407 180
615 337 994 403 ANNOTATIONES

254 506 296 572 ὅδ’
320 507 403 572 ἔστιν
420 503 561 579 Ἀθάνας,
580 506 616 569 ὅν
635 528 710 570 ποτε
730 505 853 585 Κάδμος
871 507 1087 584 liberalioris
1108 502 1134 568 8
1152 502 1298 585 ἱέρευσεν,
1312 504 1356 567 ὅτ’

256 611 375 674 ἔκτισεν
388 608 463 672 doru
478 606 512 670 τδ
528 606 646 686 Θήβας.
669 607 844 671 BLOMF.

298 710 374 789 488.
402 707 645 795 Ἱππομέδοντος]
671 706 907 789 Ἱππομέδοντος
933 710 1036 773 Turn.
1082 710 1182 773 Recte
1204 705 1357 772 Priscian.

255 835 288 900 p.
301 814 393 898 1328.
409 811 459 875 ed.
476 811 608 876 Putsch.
632 819 653 850 “
669 813 845 900 AEscdylua
859 814 895 875 in
908 810 1006 875 Ἑπτὰ
1020 811 1070 875 ἐπὶ
1084 809 1203 890 Θήβας,
1218 808 1359 890 Ἱππομέ-

256 921 359 982 δοντος
381 918 484 997 σχῆμα
505 915 553 977 καὶ
574 913 669 996 μέγας
689 915 789 982 τύπος.
834 916 876 977 Ια
898 915 1057 1001 principio
1078 914 1163 976 enim
1186 911 1357 977 trocleam

252 1020 371 1105 ροςιιὶι,
386 1037 475 1103 quem
493 1017 622 1079 imitans
637 1015 816 1101 Sophocles,
831 1025 906 1080 teate
920 1016 1059 1091 Seleuco,
1072 1015 1197 1101 prrfferl
1211 1014 1357 1100 qaedam

254 1128 366 1182 contra
391 1119 492 1203 legum
519 1125 713 1189 metrorum
747 1118 829 1180 sicut
854 1118 890 1179 ia
915 1117 992 1180 Ιιοσς
1026 1114 1252 1196 Ἀλφεσίβοιαν
1276 1114 1357 1194 ήνό

254 1220 404 1304 γεννήσας
417 1220 525 1301 πατήρ.
571 1219 694 1282 Eodem
710 1219 804 1282 modo
818 1222 1044 1301 Παρθενοπαῖος
1064 1215 1220 1303 producta
1237 1215 1357 1303 syllaba

255 1322 392 1387 secunda
418 1320 499 1386 dixit
525 1319 697 1407 AEschylus
725 1320 808 1384 infra
830 1343 858 1384 v.
878 1339 954 1405 547.
983 1332 1015 1384 et
1038 1316 1183 1405 AEschyli
1213 1316 1358 1404 exemplo

256 1421 428 1509 Euripides
444 1423 558 1508 Suppl.
575 1423 648 1504 889.

299 1525 403 1609 τύπος]
423 1525 529 1590 κτύπος
542 1520 663 1608 aliquot
677 1522 770 1587 codd.
785 1537 817 1587 et
832 1522 915 1586 Rob.

299 1627 373 1710 489.
390 1626 466 1710 ἅλω]
487 1625 576 1698 άλως,
589 1624 676 1688 Area
690 1625 868 1689 circularia.
890 1626 976 1704 ήταῦ
990 1621 1118 1705 88in
1133 1621 1263 1703 σελήνης
1276 1647 1358 1704 περι-

256 1728 373 1812 φέρεια.
408 1729 559 1812 Αἰσχύλος
588 1728 621 1790 δὲ
648 1727 841 1810 περιφέρειαν
869 1731 921 1808 τής
953 1728 1087 1794 ἀσπίδος.
1117 1725 1258 1813 Hesycb.
1305 1728 1358 1790 Ita

254 1830 421 1919 legendum
444 1829 578 1894 videtur.
624 1831 722 1893 Recte
743 1828 917 1906 scholiasta,
937 1827 1041 1896 Ἀλως
1063 1830 1128 1894 ἐστὶ
1148 1831 1260 1910 κυρίως,
1283 1830 1358 1892 ὅταν

255 1932 333 2015 νέφη
354 1934 422 2014 περὶ
443 1931 497 1995 τὸν
517 1932 605 2011 ήλιον
626 1931 805 1996 έκκαοθέντα
820 1935 914 1996 λευκδ
929 1933 1077 2014 φαίνεται,
1093 1932 1142 1996 καὶ
1156 1932 1195 1999 ὣς
1210 1933 1245 1995 έν
1259 1933 1357 2015 κύκλῳ

255 2040 308 2098 τοῦ
320 2036 407 2115 ήλίου
421 2034 554 2117 γένηται.
600 2032 756 2097 Stanleius
770 2034 890 2098 confert
906 2035 993 2121 Virg.
1009 2035 1086 2098 AEn.
1102 2054 1134 2119 3,
1151 2036 1224 2119 637.
1251 2035 1357 2122 Argo-

254 2135 309 2200 lica'
330 2137 442 2223 σήροιῗ,
463 2144 520 2199 aut
543 2136 684 2200 Phoebccc
709 2137 867 2222 lampadis
887 2138 1001 2201 instar.
1048 2136 1157 2203 Utitur
1182 2137 1240 2200 hoc
1264 2159 1356 2200 versu

256 2237 396 2324 Scaliger
414 2238 446 2301 in
470 2238 602 2301 Varron.
623 2260 655 2325 p.
671 2257 726 2320 49.
749 2237 804 2323 qui
824 2238 1012 2318 observavit,
1034 2238 1132 2303 solere
1154 2236 1355 2326 AEschylum‚

254 2363 355 2427 quum
376 2339 557 2404 duriuscule
579 2339 724 2426 quaedam
747 2354 802 2403 aut
824 2339 987 2404 insolentia
1008 2340 1108 2427 ponit,
1130 2362 1238 2405 eorum
1260 2341 1356 2404 inter-

254 2457 451 2530 pretamenta
466 2441 629 2529 subjicere,
645 2439 727 2504 utin
744 2442 881 2504 Flumen.
896 2455 947 2526 45.
965 2441 1021 2506 ubi
1039 2442 1203 2507 scholiasta
1222 2442 1304 2507 idem
1317 2443 1357 2507 de

255 2544 356 2630 poetis
369 2543 555 2630 generaliter
568 2541 699 2606 notavit.
734 2542 786 2607 Cf.
804 2541 996 2608 Valckenaer.
1011 2544 1051 2607 ad
1068 2544 1184 2631 Eurip.
1201 2544 1357 2611 Phoeuiss.

256 2667 330 2731 994
353 2644 468 2730 Eurip.
491 2644 606 2707 Helen.
623 2646 714 2729 1693.
740 2648 860 2727 Φρσυρδ
882 2645 949 2729 παρ’
973 2647 1064 2728 άκιήν
1085 2646 1239 2728 τεταμένη,
1263 2651 1358 2728 νῆσον

255 2747 347 2829 λέγω.
371 2746 546 2809 BLOMF.

298 2867 374 2931 491.
396 2845 613 2931 σηματουργὸς]
631 2847 796 2933 Signific.
843 2849 1000 2914 Stanleius
1011 2850 1092 2915 bene
1106 2850 1238 2916 advocat
1253 2848 1357 2937 Apul.

255 2949 338 3014 Met.
352 2967 380 3012 a.
397 2973 428 3035 p.
443 2967 498 3033 39.
543 2949 586 3010 Ια
600 2970 660 3035 quo
669 2970 826 3011 maumam
839 2952 994 3036 specimen
1007 2953 1253 3039 operaefadrilia
1268 2974 1358 3038 egre-

251 3053 332 3138 gius
346 3051 398 3113 tue
412 3049 559 3137 signifer
569 3050 724 3136 prodidit.
769 3050 866 3116 Adde
881 3053 1015 3118 eundem
1032 3053 1136 3119 Miles.
1155 3053 1276 3122 V.,init.

299 3152 343 3234 ἄρ’
358 3151 410 3237 ἦν]
427 3151 471 3234 ἂρ’
487 3151 525 3230 ἦν
538 3151 617 3217 Ald.
633 3152 717 3216 Rob.
740 3154 815 3236 ἀνὴρ
829 3153 950 3242 aliquot
965 3155 1057 3222 codd.

298 3274 375 3341 493.
392 3252 503 3338 στόμα]
520 3256 667 3333 στόματος
681 3256 764 3321 Rob.

299 3378 373 3442 494.
393 3356 493 3439 κάσιν]
513 3355 606 3420 Conf.
622 3356 662 3421 ad
677 3360 795 3445 Agam.
810 3379 885 3443 494.

298 3462 373 3542 496.
385 3458 640 3545 προσηδάφισται]
652 3461 872 3544 προσεδαφίζα,
884 3461 1030 3526 Sulidam
1040 3462 1145 3528 redde.
1156 3463 1260 3528 Gloss.
1271 3465 1356 3529 Vett.

257 3560 401 3637 Labbaei,
415 3563 575 3642 Ἐδαφίζω.
591 3563 702 3626 Paulo.
721 3564 919 3627 Pauimento.
942 3561 1105 3647 Ἐδαφίζει.
1128 3566 1264 3631 solidat.
1289 3567 1357 3630 He-

256 3661 343 3749 sych.
364 3660 551 3743 Ἠδάφαται.
575 3665 761 3729 κατύκισται.
807 3666 927 3728 Forsan
949 3665 1122 3748 ήδάφισται.
1152 3666 1224 3732 Vid.
1245 3666 1358 3733 Valck-

255 3784 351 3827 enaer.
367 3760 469 3828 Schol.
486 3762 518 3826 in
534 3763 615 3829 Luc.
631 3784 682 3848 19,
696 3785 751 3847 44.
774 3766 952 3831 BLOMF.

298 3883 374 3949 497.
390 3863 592 3951 ἐπηλάλαξεν]
608 3865 798 3947 ἐπηλάλαξεν
812 3867 934 3955 aliquot
947 3869 1040 3934 codd.

295 3963 383 4049 Ἀρει
397 3967 442 4031 A.
462 3963 577 4052 aliique
595 3966 737 4035 nonnulli
758 3991 831 4033 cum
854 3971 936 4037 Rob.
951 3970 1057 4054 Ἀρειν
1071 3971 1148 4038 Ald.
1167 3971 1245 4060 Ἀρη
1260 3975 1309 4038 Μ.
1325 3990 1358 4040 et

257 4067 394 4134 Vindob.
409 4090 502 4132 unus.

297 4171 373 4254 498.
390 4172 486 4239 Θοιδς
501 4169 586 4235 Seld.
609 4176 693 4239 Θνδς
707 4171 811 4260 vulgo.

299 4271 416 4359 φόβον]
436 4271 641 4337 Scribeudum
657 4275 754 4357 φόνον
767 4297 840 4340 cum
855 4277 1000 4342 Cantero.

297 4390 374 4456 500.
390 4374 500 4459 φόβος]
515 4376 617 4456 φόβον
630 4374 696 4440 duo
709 4375 803 4441 oodd.

297 4491 373 4559 501.
389 4475 522 4559 πρῶτον]
536 4481 638 4557 πρῶτα
651 4475 772 4566 aliquot
785 4478 876 4545 codd.
892 4496 925 4546 et
937 4481 1016 4548 Ald.
1031 4482 1116 4548 Rob.
