2978 5062
463 306 530 370 AD
553 304 912 371 PROMETHEUM.
1195 304 1239 373 77

183 468 259 551 504.
275 467 351 542 οῖδα,
366 469 420 553 μὴ]
438 468 492 533 οἶδ’
509 473 536 535 εἰ
549 472 669 557 aliquot
685 473 778 537 codd.

184 586 256 653 505.
271 572 368 656 μύθῳ]
385 572 469 657 λόγῳ
484 571 619 638 Vindob.
635 573 712 638 duo.

183 670 281 735 πάντα
295 677 387 735 ταῦτα
403 673 455 736 Μ.
471 686 504 736 et
517 690 669 760 quattuor
681 674 744 738 alii.
901 757 905 763 ⁴

181 773 255 856 506.
270 779 441 853 βροτοῖσιν]
460 779 612 854 θνητοῖσιν
626 775 693 840 duo
706 776 799 840 codd.

183 891 258 957 507.
273 873 314 953 μή
329 899 383 937 ννν
397 875 563 940 Porsonus.
609 876 715 964 Vulgo
728 877 768 957 μὴ
783 881 847 942 νῦν.

182 992 257 1059 512.
272 978 389 1061 κρῖιναι]
410 981 511 1057 κρῆναι
526 977 602 1041 Α111.
619 978 703 1043 Rob.

182 1095 256 1162 513.
272 1078 432 1162 φυγγάνω]
451 1087 595 1162 φυγγονῶ
612 1079 747 1144 Vindob.
763 1079 838 1144 duo.
869 1080 971 1145 Iidem
986 1105 1018 1144 v.
1033 1098 1110 1166 525.
1127 1086 1237 1167 ἑκφυγ-
1311 1133 1312 1138 .

140 1185 232 1260 γανῶ.
277 1182 358 1257 Quae
373 1178 483 1244 vitiosa
498 1180 598 1244 forma
611 1180 712 1244 futuri
727 1196 783 1258 est,
800 1180 916 1245 librarii
931 1183 1060 1248 arbitrio
1075 1184 1168 1249 illata.

179 1284 253 1365 516.
281 1287 395 1363 Μοῖραι
416 1281 588 1367 τρίμορφοι]
609 1284 690 1346 Tres
704 1284 828 1358 Parere,
843 1283 943 1365 μορφὴ
958 1283 1039 1347 enirn
1062 1284 1113 1348 hic
1134 1309 1239 1372 perso-

139 1402 210 1444 nam
236 1381 398 1468 significat.
455 1384 565 1447 Parcae
587 1394 691 1448 autem
716 1382 781 1447 fata
809 1383 994 1461 decernunt,
1017 1386 1126 1451 Furiae
1147 1410 1237 1451 exse·

139 1498 291 1568 quuntur.
310 1487 411 1550 SCH.

180 1583 312 1667 Ἐρινύες
328 1587 377 1651 Μ.
426 1586 530 1673 Vulgo
543 1585 706 1667 Ἐριννύες.

179 1703 255 1769 517.
277 1688 335 1768 ἄρα
358 1687 433 1754 Ζεύς
453 1687 594 1774 quinque
615 1687 707 1752 oodd.
753 1689 903 1754 Totidem
925 1704 956 1753 et
977 1689 1062 1754 Rob.
1078 1691 1137 1771 ἆρα
1152 1694 1235 1759 Ζεύς.

139 1785 184 1867 ἆρ’
194 1789 216 1851 ύ
231 1789 307 1855 Ζεὺς
320 1787 399 1853 ΑΜ.
422 1789 467 1871 ἆρ’
483 1792 500 1852 ὁ
521 1790 596 1857 Ζεὺς
612 1791 715 1854 Turn.
729 1804 761 1853 et
780 1790 872 1855 codd.
887 1789 1017 1876 optimi:
1041 1790 1127 1875 quod
1150 1792 1237 1856 resti·

140 1888 304 1955 tuendum.

183 1992 257 2075 518.
279 1995 330 2078 γε]
354 2020 388 2058 τε
409 1992 487 2058 Α111.
511 2008 543 2058 et
564 1993 655 2058 codd.
677 1993 830 2058 nonnulli.
854 1993 1010 2057 Herodoti
1029 1993 1124 2058 verba
1139 2013 1166 2069 1,
1182 2013 1234 2077 91.

139 2094 328 2178 comparavit
357 2094 569 2172 Blomb'eldus,
596 2095 650 2173 τὴν
675 2093 870 2174 πεπρωμένην
890 2096 996 2175 μοίρην
1018 2094 1148 2158 ἀδύνατά
1169 2096 1236 2159 ἐστι

140 2193 323 2276 ἆποφνγέειν
338 2197 440 2281 καὶτῷ
456 2200 525 2282 θεῷ.

179 2315 255 2378 519.
268 2297 361 2380 πλὴν]
380 2299 450 2378 πρὶν
464 2298 513 2361 Μ.

180 2414 255 2479 520.
272 2397 366 2461 οὐκέτ’
381 2398 419 2462 ἃν
432 2424 464 2463 π.
482 2398 663 2463 Brunckius
678 2397 780 2474 tacite,
795 2418 834 2459 ex
850 2395 914 2459 suis
934 2394 1021 2458 baud
1040 2395 1136 2459 dubie
1152 2396 1236 2460 codi-

138 2496 226 2560 cibus
243 2499 356 2581 (1113.)
373 2499 561 2585 quibuscum
583 2513 735 2585 quattuor
754 2497 807 2561 alii
828 2497 1035 2562 consentiunt.
1058 2498 1111 2561 οὐκ
1130 2498 1168 2563 ἃν
1182 2499 1236 2563 οὖν

138 2623 170 2661 π.
185 2596 289 2685 vulgo.
307 2601 361 2666 οὖν
374 2601 526 2665 omittunt
537 2599 660 2664 codices
674 2612 835 2685 quattuor.

178 2718 254 2783 522.
270 2701 383 2786 Eurip.
401 2700 475 2764 Hel.
491 2721 561 2784 119.
577 2702 674 2765 ἄλλον
688 2702 782 2782 λόγον
796 2700 941 2780 μέμνησο.
958 2700 1132 2766 BLOMF.

179 2816 254 2886 525.
272 2801 358 2883 δύας]
371 2803 442 2881 βίας
455 2802 575 2887 aliquot
590 2802 683 2866 codd.
699 2817 730 2866 et
746 2801 832 2866 Rob.

179 2905 361 2986 526-544.
378 2904 494 2967 Versus
511 2903 543 2966 in
563 2902 636 2967 edd.
652 2916 727 2977 vett.
743 2903 786 2967 sic
802 2902 905 2982 divisi,
919 2903 1070 2984 μηδάμ’-
1089 2904 1094 2992 Ι
1114 2907 1236 2971 ἀντίπα-

138 3010 253 3068 λον-
270 3003 380 3090 Ιθεοῖις
399 3003 466 3091 -Ι
484 3006 648 3085 βουφόνοις
669 3041 712 3052 -
730 3004 737 3087 Ι
756 3004 971 3083 ἄσβεστον-
990 3004 995 3090 Ι
1015 3005 1140 3068 tud-
1159 3004 1164 3092 Ι
1182 3008 1237 3086 ἡδύ

137 3104 204 3190 -Ι
223 3108 370 3170 ἑλπίσι-
388 3105 394 3193 Ι
414 3107 491 3170 ἒν-
510 3105 516 3192 Ι
533 3107 688 3187 μυρίοις-
707 3105 713 3188 Ι
733 3108 858 3182 Ζῆνα-
876 3103 882 3189 Ι
902 3107 1174 3189 ἰδία-Προμηθεῦ.

179 3223 253 3290 527.
270 3206 356 3292 θεῖτ’]
374 3213 454 3271 θεῖτο
468 3209 520 3270 M.
534 3206 650 3292 aliique
665 3204 806 3270 nonnulli
820 3222 853 3269 et
868 3204 946 3269 ΑΜ.
961 3207 1046 3270 Rob.

181 3327 257 3392 530.
281 3309 450 3388 ἐλινύσαιμι
464 3307 549 3372 Rob.
564 3324 596 3371 et
613 3293 687 3394 pars
703 3306 855 3370 codicum.
902 3305 969 3368 Alii
985 3309 1182 3386 ἐλιννύσαιμι,
1201 3323 1236 3373 ut

141 3406 219 3471 Ald.
235 3410 339 3472 Turn.

181 3509 425 3594 ποτινισσομένα]
459 3509 672 3588 ποτινισομένα
702 3510 752 3571 Μ.
791 3513 813 3545 “
830 3508 1001 3586 Νείσσομαι
1032 3518 1065 3568 et
1096 3508 1237 3586 νίσσομαι

140 3624 273 3695 utroque
289 3609 383 3674 modo
396 3610 487 3674 scribi
502 3609 595 3675 docet
609 3608 771 3674 Bentleius
784 3609 825 3671 ad
840 3610 954 3672 Horat.
972 3610 1078 3672 Carm.
1093 3627 1120 3681 1,
1138 3623 1190 3692 25,
1206 3624 1235 3690 7.

139 3709 193 3773 sed
208 3726 312 3774 tamen
328 3706 487 3793 νεύτσομαι
501 3710 615 3775 rectius
632 3709 763 3796 judicat,
779 3709 907 3795 quicum
923 3711 1016 3772 sentit
1034 3707 1180 3773 Valcken.
1194 3709 1236 3772 ad

140 3811 300 3876 Theocrit.
318 3832 350 3895 7,
371 3831 421 3896 25.
467 3811 529 3876 Sed
552 3810 583 3875 in
609 3810 787 3898 compositis
812 3831 933 3896 semper
956 3832 1012 3895 per
1034 3808 1202 3895 simplicem
1226 3837 1237 3874 ι

140 3911 294 3977 scribitur.
311 3914 442 3977 Homer.
455 3910 495 3976 Il.
509 3919 533 3976 l.
544 3912 618 3997 381.
634 3910 704 3975 Οὐδ’
720 3909 766 3973 ὅσ’
781 3912 811 3977 ἐς
822 3908 1011 3992 Ὀρχομενὸν
1021 3911 1235 3978 ποτινίσσεται.

140 4012 286 4099 Sophocl.
316 4015 428 4101 Antig.
456 4033 526 4096 129.
561 4016 675 4097 Πολλῷ
703 4013 823 4093 ῥεύματι
852 4009 1137 4091 προσνισσομένους.
1183 4016 1234 4080 Cf.

140 4114 311 4179 Ruhnken.
328 4116 432 4203 Epist.
449 4115 527 4178 Crit.
544 4136 571 4178 1.
587 4137 618 4200 p.
634 4113 707 4196 99.''
722 4113 899 4176 BLOMF.

179 4231 253 4300 531.
269 4218 433 4301 Ὠκεανοῦ]
454 4218 612 4280 Ὠκεανοῖο
628 4216 731 4277 Τ11111.
747 4229 778 4275 et
793 4211 884 4275 codd.
901 4212 1050 4277 nonnulli.

181 4317 335 4394 ἄσβεστον
358 4318 467 4400 πόρον]
492 4318 653 4396 ἄσβεστος,
676 4315 902 4378 Ioccstinctus.
925 4314 1102 4400 Inquietur.
1125 4319 1233 4384 11110111-
