2978 5062
547 359 617 420 ΑΙ)
640 358 827 424 PERSAS.
1177 358 1243 424 257

184 535 255 601 227.
272 521 433 606 ἐκύρωσας]
449 522 599 603 ἐκύρωσεν
613 523 662 586 vel
678 525 808 604 ἐκύρωσε
822 523 888 587 duo
902 523 995 588 codd.

183 622 256 685 228.
273 622 438 707 ἐκτελοῖτο]
456 621 592 708 Aliquot
605 622 697 688 codd.
713 623 868 703 ἐξιλεοῖτο.

183 720 234 807 δὴ]
250 724 283 786 δὲ
295 721 370 786 Ald.
388 723 471 788 Rob.

184 840 256 906 229.
273 823 420 911 θήσομεν]
436 825 566 907 θήσομαι
581 827 665 892 Rob.

184 942 257 1010 232.
274 928 412 1012 δυσμαῖς]
431 931 546 1008 δυσμὰς
560 931 603 992 Α.
619 946 651 994 et
665 956 715 1010 γρ.
733 931 772 992 Β.

181 1027 408 1114 φθινασμάτων]
431 1031 639 1113 φθινθσμοσιν
654 1030 775 1096 Pauwii
789 1030 939 1095 correctio
953 1047 1009 1095 eat.
1034 1031 1183 1095 Euslath.
1199 1032 1241 1096 ad

142 1125 234 1192 Iliad.
245 1135 285 1194 Θ.
300 1153 332 1216 p.
346 1133 422 1216 698,
433 1150 485 1214 24.
502 1134 555 1213 τὴν
570 1136 657 1199 δύσιν
670 1135 826 1217 Αἰσχύλος
839 1134 926 1212 ἡλίου
937 1131 1024 1215 λέγει
1038 1132 1241 1214 φθινύσματα.

142 1229 234 1294 Idem
249 1231 289 1295 ad
307 1232 399 1297 Iliad.
415 1239 453 1298 Λ.
469 1258 500 1322 p.
518 1236 593 1321 832,
608 1254 661 1320 45.
683 1237 769 1315 ἡλίου
784 1237 942 1317 φθίνασμα
956 1234 1011 1313 τὴν
1025 1236 1110 1298 δύσιν
1126 1234 1184 1317 ἔφη
1200 1260 1244 1301 τις

139 1332 269 1413 ποιητής.
293 1335 474 1423 Hesychius
488 1336 552 1401 huc
568 1337 712 1425 respicit;
737 1336 941 1417 Φθινθσμασι,
957 1338 1092 1418 uotoni.
1122 1338 1243 1401 Forsan

141 1446 245 1498 tamen
259 1434 438 1522 legendum,
453 1439 580 1506 δνοκτός
595 1439 620 1504 θ’
632 1440 719 1519 ἡλίου
733 1438 951 1522 φθινθσμοσιν.
975 1436 1132 1501 Herodot.
1146 1453 1178 1521 7,
1188 1438 1242 1522 58.

141 1537 158 1599 δ
179 1538 212 1600 δέ
227 1536 287 1600 κατ’
303 1538 425 1622 ἡπειρον
440 1540 567 1623 στρατὸς
581 1543 656 1623 πρὸς
670 1542 712 1621 ἡιῖ
725 1567 759 1606 τε
775 1541 823 1605 καί
836 1541 923 1620 ἡλίου
937 1541 1087 1606 θνατολδς
1109 1539 1243 1604 ἐποιέετο

141 1637 196 1716 τὴν
224 1641 305 1705 ὁδόν.
342 1641 407 1721 ubi,
434 1642 514 1707 sicut
539 1643 571 1707 in
599 1643 660 1708 hoc
683 1643 763 1722 loco,
793 1643 827 1707 ἐν
855 1645 904 1707 διδ
932 1647 1015 1706 δυοῖν
1042 1641 1241 1729 exprimitur.

142 1740 317 1806 BLOMF.
363 1743 570 1811 scribendum
596 1745 804 1827 φθινθσμοσιν
828 1766 900 1810 cum
926 1743 1068 1822 Pauwio,
1090 1756 1243 1809 oommate

142 1854 213 1929 poat
229 1848 353 1924 δυσμαῖς
367 1844 479 1932 posito.

186 1963 259 2031 234.
282 1951 366 2010 πᾶσα
387 1946 501 2032 γδρ-]
528 1946 567 2010 ld
593 1961 650 2021 est,
674 1969 730 2010 nec
753 1950 890 2020 οιῖνιιτος
914 1969 990 2010 nam
1013 1947 1073 2011 Ιιασ
1092 1950 1170 2012 urbe
1189 1968 1244 2012 ea·-

136 2057 292 2136 pngnato
306 2051 410 2113 οιυιιῖσ
426 2049 553 2113 Gracia
567 2051 603 2111 ῖτι
618 2049 707 2136 regio
719 2057 901 2135 potestatem
916 2049 1047 2111 veniret.
1073 2050 1173 2113 SCH.

187 2166 260 2236 235.
281 2151 501 2232 ἀνδροπλήθεια
514 2175 622 2217 omnes
637 2164 750 2238 praeter
765 2151 915 2215 Cantabr.
931 2173 990 2213 sec.
1007 2149 1063 2235 qui
1078 2152 1245 2234 ἀνδροπλή-

142 2257 202 2327 θια,
213 2250 301 2337 quod
311 2251 344 2316 in
357 2267 477 2318 textum
489 2253 603 2341 tempi,
615 2267 744 2318 aocentu
756 2264 886 2317 mutato.
912 2251 1059 2338 Sophocl.
1070 2253 1243 2318 Laocoont.

142 2353 182 2418 fr.
197 2374 231 2440 3.
257 2359 372 2419 Κνκλεῖ
383 2358 416 2419 δέ
430 2360 532 2420 πᾶσαν
546 2359 668 2421 οἰκετῶν
681 2356 885 2436 παμπληθίαν.
925 2353 1016 2417 Idem
1034 2355 1125 2441 Tyro
1139 2353 1179 2417 lr.
1193 2375 1244 2419 11.

144 2461 278 2520 Πολλῶν
286 2455 311 2520 δ’
322 2458 356 2521 ἐν
364 2459 562 2543 τολυπληθίη.
578 2456 913 2544 ApudHerodot.7.9.
923 2455 1037 2542 quaerit
1044 2454 1243 2534 Mardonius,

139 2555 295 2639 Ἕλληνας
309 2560 353 2632 δέ,
368 2558 556 2641 ὑπάρξαντας
571 2560 693 2638 ἀδικίης,
710 2560 746 2623 ού
760 2560 1004 2639 τιμωρησόμεθα;
1031 2559 1062 2621 τί
1075 2560 1243 2631 δείσαντας

145 2661 230 2737 κοίην
240 2659 371 2739 πλήθεος
386 2661 575 2744 συστροφήν;
593 2662 676 2738 κοίην
690 2662 723 2724 δὲ
737 2658 895 2742 χρημάτων
909 2661 1046 2740 δύναμινς
1070 2659 1244 2723 BLOMF.

189 2765 262 2848 236.
285 2766 388 2826 πολλὰ
402 2762 437 2842 δὴ
452 2762 585 2848 Μήδους]
604 2763 639 2842 δὴ
655 2761 778 2842 Μήδους
796 2767 927 2826 πλεῖστα
942 2760 1026 2825 Rob.
1064 2759 1256 2848 Respicitur'

144 2863 185 2928 ad
199 2885 339 2950 pugnam
355 2862 599 2929 Marathoniam.

189 2966 261 3050 238.
288 2967 416 3047 θργύρου
444 2966 538 3052 πηγή]
572 2966 731 3032 Sectioues
757 2966 949 3053 argentarias
976 2965 1007 3029 in
1038 2964 1148 3030 Attica
1172 2963 1245 3028 olim

144 3065 372 3133 uberea'fuisse
393 3068 486 3133 refert
511 3069 625 3134 Strabo
640 3091 670 3156 9.
692 3092 726 3156 p.
742 3088 816 3154 399.
838 3071 876 3132 τδ
896 3064 920 3131 δ’
941 3069 1082 3149 ἀργύρεια
1100 3070 1138 3130 τδ
1158 3068 1192 3130 ἐν
1211 3070 1246 3146 τῇ

143 3168 263 3257 Ἀττικῇ
290 3173 440 3252 καταρχὰς
468 3172 526 3251 μὲν
553 3171 591 3250 ἡν
616 3173 774 3252 ἀξιόλογα,
804 3171 869 3234 νυνὶ
901 3168 925 3232 δ’
952 3169 1093 3232 ἐκλείπει.
1140 3168 1247 3234 Locus

143 3286 262 3347 autem,
283 3284 320 3335 ut
341 3270 486 3336 observat
504 3272 640 3336 Casaub.
663 3271 703 3335 ad
725 3269 800 3349 h.l.‚
822 3270 876 3334 ubi
900 3269 988 3333 suere
1006 3269 1126 3354 argenti
1149 3291 1246 3349 venae,

144 3372 316 3437 vocabatur
331 3371 497 3437 Laurium.
528 3371 678 3459 Thuoyd.
696 3390 726 3448 2,
741 3388 794 3456 55.
809 3374 965 3451 παρῆλθον
983 3371 1013 3436 ἐς
1035 3369 1089 3448 τὴυ
1109 3368 1247 3449 πάραλον

145 3478 203 3557 γῆν
225 3473 422 3554 καλουμένην,
443 3474 534 3558 μέχρι
556 3476 686 3556 Λουρίου
711 3475 807 3555 ὄρους,
832 3472 867 3535 ού
892 3473 928 3534 rh
947 3470 1088 3552 ἀργύρεια
1109 3469 1248 3550 μέταλλά

145 3577 231 3639 ἐστιν
251 3574 430 3654 Ἀθηναίοις.
476 3577 522 3640 Et
541 3578 573 3655 6,
596 3596 648 3660 91.
670 3588 890 3638 commemorat
915 3570 1097 3635 Alcibiades
1117 3573 1171 3638 τδς
1195 3576 1249 3636 τοῦ

145 3677 293 3759 Λαυρείου
307 3682 366 3740 τῶν
380 3678 543 3759 ἀργυρείων
554 3677 713 3758 μετάλλων
724 3676 898 3758 προσόδους.
922 3674 973 3740 Cf.
985 3673 1077 3738 etiam
1090 3672 1246 3738 Herodot.

145 3793 177 3861 7,
192 3798 263 3861 144
275 3776 332 3864 qui
348 3791 480 3842 testatur
494 3779 633 3865 potuisse
648 3777 886 3842 Atheniensese
901 3777 1012 3842 Laurii
1024 3775 1156 3841 metallis
1169 3775 1249 3840 aoni-

145 3902 220 3968 pere
234 3879 364 3964 δρχηδδν
377 3880 505 3944 ἕκαστον
519 3879 592 3944 δέκα
606 3879 738 3963 δραχμάς
750 3907 758 3953 ;
781 3879 972 3966 omninoque
983 3878 1164 3966 Xenophon
1180 3878 1248 3959 περὶ

145 3983 265 4063 Πόρον,
281 4003 376 4068 quem
392 3981 507 4045 librum
519 3998 602 4046 reete
612 3981 735 4069 judicat
750 3981 957 4047 Casaubouus
970 3981 1012 4046 ab
1026 4004 1064 4045 eo
1078 3980 1137 4045 hoo
1152 3979 1247 4067 potie-

146 4082 259 4147 simum
283 4081 412 4147 consilio
437 4083 588 4171 seriptum
615 4106 691 4161 esse,
717 4097 753 4148 ut
778 4082 987 4148 Athenienses
1015 4080 1055 4145 ad
1084 4080 1248 4147 fodiendas

147 4198 273 4249 strenue
287 4182 531 4271 argentifodinae
544 4185 731 4250 hortaretur.
756 4186 881 4249 STAN
885 4185 924 4248 L.

190 4305 263 4373 239.
285 4292 390 4371 χεροῖν
414 4287 584 4353 Elmsleius
609 4288 649 4353 ad
674 4286 788 4373 Eurip.
813 4285 903 4350 Med.
927 4304 1019 4370 1334.
1041 4285 1130 4368 χερὸς
1154 4284 1246 4350 codd.

146 4402 179 4453 et
203 4387 281 4454 Ald.
305 4389 389 4453 Rob.
413 4392 503 4473 χερός
531 4394 559 4473 γ’
584 4388 766 4454 Turnebus.
799 4393 898 4471 χερῶν
920 4385 1112 4465 Brunclius,
1135 4386 1247 4453 collato

147 4490 234 4577 Sept.
248 4509 322 4576 433.
338 4490 449 4574 φλέγει
463 4493 497 4558 δδ
510 4495 631 4574 λαμπδς
645 4494 803 4655 διδιχερόν
816 4486 1000 4569 ὧπλισμίνη.

661 4614 682 4655 1
