2978 5062
192 347 259 413 286
556 346 937 412 ANNOTATIONES

236 519 309 603 643.
326 515 410 601 ἰόντ’]
426 514 495 581 ίέντ’
513 518 550 582 C.
566 531 598 580 et
612 543 661 598 γρ.
678 517 716 580 Β.

237 622 308 684 ἰόντ’
336 619 468 684 αίνέσατ’
492 623 525 684 ἐκ
553 619 663 704 δόμον]
698 619 740 683 Id
768 633 832 682 est:
861 617 1001 682 αίνίσατε
1025 615 1102 680 ίίναι
1126 619 1160 679 ἐκ
1184 619 1297 697 δόμον·

188 723 362 808 permittite
383 725 491 794 erim
515 721 674 785 concedite
695 736 732 785 ut
749 736 842 785 exeat
859 745 877 785 e
894 720 1040 784 domibus
1059 718 1179 783 vestris.
1218 722 1299 784 Per-

192 846 298 912 peram
313 823 406 887 vertit
421 823 588 910 interpres:
612 824 761 886 celebrate
775 824 881 886 mihis
895 823 1036 886 domibus
1051 822 1166 885 vestris
1175 841 1297 885 excun-

193 936 262 991 tem.
286 927 492 990 BRUNCK.

237 1030 420 1114 643—660.
434 1030 550 1092 Versus
572 1029 602 1091 in
620 1027 696 1092 Ald.
718 1027 762 1093 sic
783 1026 872 1091 divisi
894 1025 1010 1090 ίθντ’-
1028 1024 1034 1112 Ι
1053 1026 1168 1090 θεὸν-
1186 1023 1192 1111 Ι
1214 1031 1297 1106 Περ-

192 1132 289 1198 σίς-
306 1131 350 1213 Ιῆ
381 1135 472 1212 φίλος
501 1132 619 1212 ἀνὴρ-
637 1131 642 1218 Ι
662 1133 782 1212 φίλα-
800 1130 806 1216 Ι
824 1129 1025 1195 Ἀϊδωνεὺς·
1043 1128 1048 1213 Ι
1068 1125 1203 1213 ἀνίη-Ι
1224 1130 1296 1193 οὔτε

192 1236 298 1314 γάρ-
317 1231 322 1316 Ι
341 1235 662 1315 πολεμοφθόροισιν-
682 1231 688 1318 Ι
707 1230 924 1311 θεομήστωρ-
944 1231 951 1316 Ι
970 1232 993 1294 δ’
1009 1230 1146 1293 ἔσκεν-
1164 1227 1170 1315 Ι
1188 1232 1297 1309 βολὴν

191 1371 236 1383 -
254 1334 259 1422 Ι
280 1333 387 1399 ἔλθ-
407 1335 412 1422 Ι
430 1336 563 1402 ποδὸς-
581 1334 587 1422 Ι
605 1337 816 1414 βασιλείον-.

236 1441 310 1518 644.
328 1438 465 1522 Περσᾶν]
481 1444 610 1520 Περσῶν
623 1437 743 1523 aliquot
757 1433 850 1499 codd.

236 1541 308 1621 645.
324 1539 454 1619 πέμπετε
470 1540 506 1624 δ’]
522 1542 668 1619 πέμπεται
683 1538 706 1602 δ’
723 1540 773 1602 Μ.
796 1535 918 1616 πέμπετ’
934 1537 1020 1600 Rob.

235 1642 308 1720 646.
332 1642 410 1704 Post
432 1639 587 1722 ἐκάλυψεν
601 1640 633 1704 in
650 1639 728 1705 Ald.
746 1641 849 1702 Turn.
865 1637 980 1723 legitur
994 1637 1012 1716 ἦ
1027 1639 1117 1719 φίλος
1137 1660 1177 1702 ex
1198 1661 1294 1703 versu

191 1740 335 1828 proximo
349 1740 527 1827 repetitum.

235 1845 629 1928 647-⁶52=653-⁶57·

235 1946 310 2027 648.
327 1947 401 2028 ἀνὴρ
417 1945 591 2010 Burncius:
616 1946 691 2027 ἀνὴρ
705 1943 811 2029 vulgo.

234 2051 326 2131 φίλος
340 2052 430 2132 ὄχθος
446 2048 619 2113 Burneius:
643 2047 662 2128 ἢ
677 2051 766 2131 φίλος
781 2049 872 2130 ὄχθος
886 2044 966 2108 libri.

234 2149 337 2234 ὄχθος]
353 2152 444 2232 ὄχθος
458 2149 555 2231 τάφον
570 2150 688 2235 aliquot
704 2149 796 2214 codd.
812 2164 844 2213 et
858 2147 936 2211 Ald.
953 2150 1058 2211 Turn.

235 2254 307 2336 650.
324 2251 511 2337 ἀναπομπὸς]
528 2253 702 2333 ἀποπομπὸς
717 2253 767 2317 Μ.

234 2354 345 2438 ἀνείης]
370 2354 458 2417 Libri
475 2353 614 2440 plerique
628 2354 675 2418 vel
690 2357 777 2433 ἀνίει,
791 2353 877 2441 quod
892 2369 938 2417 est
953 2353 984 2416 in
1001 2354 1045 2416 A.
1062 2357 1108 2436 (et
1122 2380 1170 2435 γρ.
1186 2354 1243 2434 Β.)
1260 2371 1293 2420 et

192 2459 308 2535 Turn,
325 2457 374 2520 vel
390 2459 468 2536 ἀνίη,
484 2459 570 2543 quod
592 2472 639 2520 est
661 2456 691 2520 in
715 2459 753 2520 B.
772 2472 804 2520 ct
821 2455 898 2519 Ald.
915 2456 997 2519 Rob.
1014 2456 1053 2520 ἀν
1068 2459 1111 2535 είη
1125 2456 1176 2518 Μ.
1194 2472 1226 2521 et
1241 2484 1291 2539 γρ.

190 2563 234 2624 Α.
269 2560 368 2623 Recte
383 2560 483 2638 ἀνείης
498 2557 677 2622 Brunckius
692 2582 729 2622 ex
745 2558 789 2645 gl.
806 2558 836 2621 in
852 2560 895 2622 A.
909 2557 1066 2645 adscripto
1078 2563 1138 2623 είθε
1154 2559 1290 2641 ἀναπέμ-

189 2689 264 2730 ποις.
292 2665 336 2726 Et
352 2664 451 2740 ἀνείης
465 2660 533 2723 cod.
550 2663 648 2724 Paris.
664 2661 754 2735 alius,
770 2661 793 2722 si
809 2660 887 2723 fides
902 2660 1028 2723 Faehsio
1041 2684 1073 2747 p.
1093 2664 1161 2747 136.
1194 2664 1291 2740 Quod

189 2779 261 2850 post
283 2764 343 2828 hoc
363 2763 492 2826 verbum
516 2762 631 2847 legitur
653 2761 821 2837 Ἀϊδωνεὺς,
844 2786 882 2826 ex
903 2766 946 2825 A.
968 2764 1116 2828 Cantnbr.
1142 2778 1292 2851 utroque,

190 2869 297 2951 Mosq.
327 2882 359 2930 et
384 2864 487 2929 Viteb.
513 2864 666 2942 additum,
694 2865 881 2950 videturque
903 2864 996 2929 ctiam
1020 2865 1052 2928 in
1080 2868 1130 2929 M.
1157 2883 1289 2933 exstare.

190 2969 256 3031 Pro
270 2991 307 3030 co
321 2966 464 3029 Ἀϊδωνεῦ
478 2981 524 3029 est
538 2965 568 3028 in
587 2967 694 3030 Guelf.

233 3071 309 3154 652.
344 3067 420 3151 οἷον]
455 3093 502 3149 γρ.
539 3067 604 3131 οίον
641 3070 679 3146 Β,
717 3067 826 3132 addito
853 3069 897 3155 gt.
932 3070 1034 3148 μόνον.
1070 3070 1186 3132 Versus
1222 3094 1290 3135 cor.

188 3187 312 3258 ruptus.

232 3277 297 3339 οίον
317 3275 430 3340 ἄνακτα
453 3274 595 3358 Δαρεῖον]
619 3274 785 3360 Vulgatam
807 3273 992 3360 scripturam
1010 3273 1150 3353 exhibui,
1170 3298 1189 3338 a
1210 3277 1291 3340 Por-

189 3401 265 3443 sono
279 3377 369 3442 obelo
384 3391 532 3440 notatam.
560 3380 693 3457 Δαρειάν
707 3377 737 3439 in
754 3377 815 3439 fine
829 3374 946 3439 habent
959 3375 1030 3439 edd.
1047 3390 1123 3439 vett.
1155 3385 1290 3459 Δαρεῖον

190 3479 330 3544 Brunch.
365 3478 545 3544 Scholiastae
567 3481 668 3564 glossa
690 3492 746 3554 est,
769 3478 821 3541 τὸν
837 3483 967 3557 Δαρεῖον
986 3477 1130 3557 βασιλέα,
1146 3481 1213 3544 οἷον
1234 3481 1290 3545 τὸν

189 3584 237 3647 καὶ
253 3585 385 3663 Δορειάν
401 3583 594 3660 καλούμενον,
609 3580 692 3643 unde
707 3579 906 3666 perspicuum
922 3593 968 3642 cst
983 3602 1055 3643 eum
1071 3580 1291 3648 nihilomnino

188 3684 311 3748 vidisse.
351 3682 484 3768 Subjicit
505 3697 621 3756 autom,
645 3684 754 3754 ἄλλως,
775 3681 828 3744 τὸν
846 3682 939 3760 μόνον
960 3684 1125 3762 γενόμενον
1141 3684 1287 3763 βασιλέα,

188 3786 273 3875 quod
297 3784 492 3849 referendum
517 3799 564 3848 est
583 3783 624 3847 ad
647 3807 676 3845 v.
695 3783 717 3848 l.
740 3784 813 3856 οἶον,
837 3784 869 3845 in
889 3783 1012 3848 scholiis
1033 3785 1174 3850 codicum
1198 3791 1287 3853 AB.

187 3904 399 3955 memoratam.
424 3887 598 3950 BLOMF.
642 3885 822 3950 Scholiastoe
837 3885 995 3950 annotatio
1010 3887 1131 3974 integra
1146 3889 1213 3954 haec
1227 3911 1287 3972 est,

188 3997 205 4058 ὁ
227 3992 385 4058 Ἀϊδωνεὺς
408 3993 439 4053 δὲ
459 3993 475 4053 ὁ
495 3990 668 4069 ἀναπομπὸς
690 3995 748 4051 τῶν
763 3995 874 4069 νεκρῶν
889 3991 966 4053 ἀνίει
982 3991 1040 4074 (sic
1057 3992 1205 4078 Stephani
1222 3995 1288 4058 edi-

187 4098 249 4163 tio:
274 4096 341 4172 ἀνίη
357 4094 457 4175 Roh.)
475 4094 522 4157 καὶ
538 4089 711 4173 ἀνοπέμψει
726 4092 774 4154 καὶ
787 4092 936 4155 ἀποδῶσει
949 4097 999 4170 τῆς
1015 4098 1069 4175 γῆς
1086 4095 1139 4159 τὸν
1155 4102 1288 4177 Δαρεῖον

186 4195 331 4279 βασιλέα,
358 4197 423 4259 οἷον
448 4195 502 4258 τὸν
534 4193 581 4258 καὶ
608 4196 740 4273 Δαρειάν
766 4190 957 4272 κεκλημένον.
995 4193 1042 4259 Ἢ
1068 4197 1122 4275 τὴν
1152 4203 1287 4278 Δαρείου

189 4303 338 4383 (Δαρειάν
354 4298 452 4378 Roh.)
469 4296 572 4378 ψυχὴν
587 4292 759 4376 ἀνοπέμψει
779 4297 794 4358 ὅ
813 4292 925 4373 Ἅιδης.
949 4302 1035 4360 τοῦτο
1050 4300 1169 4377 ἔξωθεν.
1210 4305 1284 4384 (Se.

187 4402 316 4491 quentia
330 4423 391 4465 ont.
410 4401 509 4483 Rob.)
529 4402 660 4464 Ἀλλως.
684 4398 738 4461 τὸν
752 4401 846 4480 μόνον
861 4400 1025 4480 γενόμενον
1037 4401 1172 4479 βασιλέα
1186 4408 1236 4469 διά
1250 4408 1285 4470 τὸ

188 4505 387 4586 κηδεμονικόν.
411 4504 489 4569 ἔοικε
504 4506 536 4568 δὲ
551 4506 568 4568 ὁ
585 4507 711 4583 Δαρεῖος
726 4503 774 4566 κοί
790 4505 922 4582 Δαρειάν
936 4500 1092 4583 λέγεσθαι.
