2978 5062
250 333 315 401 110
611 335 991 401 ANNOTATIONES

251 506 302 584 τῆς
324 503 467 586 κεφαλῆς.
504 501 648 592 Aleiphr.
664 526 697 592 3,
715 510 765 571 16.
786 508 910 590 κράνους
925 510 957 571 δὲ
972 509 1102 574 δπαινιίς
1115 507 1285 588 τριλοφίαν,
1302 506 1353 570 καί

250 609 376 676 άσπίδοτ
398 611 477 692 δρᾷς.
501 609 556 673 ubi
582 610 751 698 Berglerus
772 610 905 676 eontulit
929 609 1075 675 Strabon.
1095 629 1127 694 3.
1146 631 1179 696 p.
1199 627 1272 694 131.
1292 608 1351 695 qui

251 710 348 775 tradit
371 710 540 775 Lusitanos
559 715 719 794 τριλοφίαν
740 713 878 800 gessisse.
913 711 1055 798 Polyaen.
1077 712 1108 788 8,
1128 731 1183 796 59.
1204 713 1354 793 πρίλοφον

251 811 366 895 κράνος.
391 812 444 876 Cf.
456 811 565 898 Virgil.
579 815 656 878 AEn.
673 830 705 896 7,
720 816 792 898 785.
816 813 929 900 Adjioe
944 814 1076 877 Homer.
1093 813 1209 900 Odyss.
1224 819 1264 891 T,
1278 830 1352 896 177.

251 914 382 995 Δωριέες
406 939 439 979 τε
462 915 622 998 τριχάϊκες.
652 915 706 980 ubi
733 915 828 981 schol.
854 916 1060 982 Ἀπολλόνιος
1084 916 1152 984 τοὺς
1172 916 1351 995 πολεμικοὺς

250 1016 345 1099 λέγει,
362 1017 421 1080 άπὸ
435 1021 488 1080 τοῦ
502 1016 665 1084 ἀίσσοντας
684 1019 732 1082 καὶ
747 1020 934 1085 ἐπισείοντος
956 1022 1008 1085 τὰς
1029 1019 1120 1098 κόμας
1135 1021 1168 1082 ἐν
1182 1022 1219 1097 τῇ
1232 1042 1349 1097 περικε-

250 1121 368 1203 φαλαίρ
390 1121 424 1183 ἐν
438 1123 478 1204 τῷ
493 1124 646 1199 πολεμεῖν,
662 1122 731 1184 ἴσον
745 1121 785 1206 τῷ
802 1121 958 1202 κορυθάϊκι.
983 1121 1042 1186 εἰσὶ
1057 1123 1101 1199 δὲ,
1118 1121 1146 1184 ol
1160 1121 1228 1187 τοὺς
1248 1121 1348 1202 τριλό·

249 1228 335 1303 φονς,
351 1224 381 1285 ol
394 1224 426 1286 bl
441 1223 509 1288 τοὺς
522 1224 674 1305 όρχηστδς
687 1224 890 1288 άποδιδόασιν.
913 1223 1088 1287 BLOMF.

292 1322 368 1407 385.
386 1326 473 1408 σείει]
494 1324 628 1388 Cristam
644 1339 775 1411 quatere
794 1324 961 1390 terrificum
984 1326 1164 1412 putabatur.
1198 1326 1352 1412 Tyrtaeus

251 1423 370 1488 Stobaei
383 1444 435 1509 50.
451 1448 482 1511 p.
501 1446 572 1510 191.
589 1429 733 1514 Δεξιτερῇ
747 1425 771 1490 δ’
784 1429 818 1491 ἑν
832 1429 911 1510 χειρὶ
924 1428 1090 1492 τινασσέτει
1105 1430 1233 1510 ὄβριμον
1247 1428 1348 1511 ἔγχος,

251 1527 375 1589 Κινείτω
391 1528 424 1590 δὲ
438 1529 538 1608 λόφον
553 1528 652 1592 δεινὸν
665 1531 738 1611 ὑπὲρ
761 1534 902 1610 κεφαλῆς.
939 1528 1070 1594 Alcaeus
1090 1529 1176 1616 apud
1199 1528 1349 1593 Eustath.

249 1625 283 1690 in
308 1626 401 1691 Iliad.
424 1633 458 1692 B.
490 1652 521 1714 p.
536 1632 613 1714 367,
637 1630 687 1695 18.
716 1630 823 1713 Λόφον
851 1635 942 1696 σείειν
972 1629 1111 1714 Καρικόν.
1148 1629 1238 1694 Idem
1261 1631 1349 1717 apud

250 1729 370 1793 Athen.
391 1748 438 1810 14.
461 1754 493 1817 p.
509 1733 571 1813 627
588 1736 633 1795 A.
649 1734 757 1797 Λευκοὶ
773 1733 955 1815 καθύπερθεν
969 1736 1081 1799 ίππειοι
1098 1731 1192 1815 λόφοι
1212 1733 1352 1798 νεύουσιν

252 1838 433 1914 κεφαλαῖσιν
448 1835 562 1915 ἀνδρῶν
576 1834 763 1916 τάγάλματα.
799 1835 917 1900 AElian.
932 1835 1018 1923 apud
1040 1834 1129 1900 Suid.
1144 1858 1174 1899 v.
1190 1835 1348 1901 Βοόλντος.

252 1934 311 1998 Καὶ
329 1938 445 2015 βαίνων
463 1939 570 2018 μακρὰ,
588 1937 635 2000 rol
657 1939 748 2018 αίροιν
769 1937 822 2001 τδν
841 1936 1004 2021 τράχηλον,
1024 1938 1145 2002 καὶτὸν
1164 1933 1265 2018 λόφον
1287 1938 1351 2000 ἐπι-

252 2038 352 2111 σείειν,
368 2038 435 2101 οἶον
449 2039 573 2118 ὁπλίτης
587 2044 706 2120 γαῦρος.
739 2039 879 2126 Hesych.
894 2039 1129 2120 Τινακτοπήληξ.
1152 2037 1349 2119 σεισόλοφος.

251 2138 401 2203 Ceterum
424 2138 486 2204 hue
510 2140 661 2227 respicere
684 2139 809 2205 videtur
828 2140 1056 2227 Aristophanes
1076 2141 1160 2203 Ran.
1179 2154 1270 2224 1015.
1294 2137 1350 2203 ubi

251 2261 284 2304 se
303 2240 404 2327 jactat
427 2242 610 2330 AEsehylus‚
633 2266 694 2307 non
718 2243 758 2307 ad
784 2243 882 2308 instar
905 2243 1080 2325 Euripidis,
1105 2264 1252 2330 personas
1276 2263 1350 2306 auae

250 2341 376 2407 linxisse
391 2343 468 2425 Μήτ’
484 2347 651 2428 ἀγοραίους,
666 2345 739 2426 μήτε
754 2344 913 2426 κοβάλους,
929 2347 1031 2426 ὥσπερ
1049 2352 1113 2419 νῦν,
1128 2345 1202 2427 μήτε
1222 2346 1351 2426 πανούρ-

251 2467 330 2528 γους·
352 2444 454 2510 Ἀλλὰ
473 2447 618 2516 πνέοντας
638 2447 708 2529 δόρυ
730 2450 780 2513 καί
797 2445 922 2530 λόγχας,
946 2449 994 2512 καὶ
1012 2447 1218 2530 λευκολόφους
1238 2455 1349 2529 τρυφα-

250 2550 346 2623 λείας,
364 2550 421 2615 Kol
435 2550 578 2630 πήληκας,
595 2552 643 2614 καὶ
658 2555 805 2631 κνημῖδας,
823 2550 872 2614 καὶ
886 2550 995 2630 θυμοὺς
1010 2552 1214 2630 ἑπταβοείους.
1247 2548 1350 2614 Alcaei

250 2647 349 2728 locus,
370 2649 472 2733 λόφον
492 2654 583 2715 σείων
606 2651 745 2731 Καρικὸν,
772 2674 810 2715 ex
836 2651 1002 2716 Herodoto
1019 2651 1203 2731 illustratur,
1227 2672 1254 2731 1,
1278 2669 1349 2734 171.

252 2755 378 2836 καὶγὰρ
397 2756 501 2819 ἑπδτᾶ
524 2751 633 2835 κράνεα
654 2752 768 2834 λόφους
792 2753 963 2819 ἐπιδέεσθαι
984 2754 1083 2836 Κᾶράς
1102 2758 1161 2818 elur
1178 2757 1208 2818 ol
1228 2755 1352 2818 καταδέ-

251 2861 366 2934 ξαντες.
411 2858 462 2920 De
490 2855 591 2919 cristoe
620 2854 790 2919 motatione
818 2857 901 2920 conl.
929 2858 1062 2920 Homer.
1090 2856 1182 2921 Iliad.
1209 2862 1249 2935 X,
1276 2875 1348 2942 132.

251 2956 365 3043 Odyss.
395 2963 435 3031 X,
469 2974 539 3036 124.
572 2954 731 3043 Aristoph.
768 2959 842 3022 Pac.
877 2974 971 3041 1172.
1006 2958 1167 3024 Theocrit.
1194 2977 1246 3036 22,
1277 2959 1347 3022 186.

251 3058 427 3125 BLOMF.

295 3164 328 3227 δδ
354 3163 408 3248 τῷ]
427 3163 460 3226 bl
482 3165 535 3225 τοῦ
558 3160 692 3226 Vindob.
716 3161 793 3227 du0.
831 3161 855 3226 δ’
880 3163 941 3227 ἔσει
966 3162 1018 3226 Μ.
1038 3161 1092 3226 sed
1119 3160 1277 3247 adscripto
1301 3186 1349 3243 γρ.

251 3267 285 3331 δὲ
298 3267 349 3352 τῷ.

293 3368 369 3453 386.
392 3366 534 3451 κόδεινες]
554 3367 797 3432 Τι’πίίπναόιιία.
835 3369 917 3431 Haec
938 3367 1042 3430 forsan
1060 3365 1189 3452 gerebat
1205 3363 1350 3452 Tydeus,

251 3467 341 3554 equis
363 3468 518 3547 terricula,
540 3490 621 3554 quos
643 3468 923 3534 tintinnabulorum
951 3468 1055 3532 sonitu
1080 3465 1241 3553 explorare
1268 3467 1349 3529 sole·

251 3570 340 3647 bant,
362 3584 527 3657 possentne
548 3569 696 3654 strepitus
718 3569 843 3635 bellioos
864 3570 956 3646 ferre,
973 3581 1009 3632 ut
1025 3567 1155 3632 tradunt
1170 3564 1305 3632 Photius
1319 3581 1351 3630 et

253 3671 385 3750 Suidas3
410 3671 494 3735 unde
516 3673 697 3746 κωδωνίζειυ.
741 3671 864 3734 Eodem
892 3670 986 3734 modo
1010 3667 1185 3733 coturnices
1208 3666 1351 3752 explora·

251 3775 339 3856 bant,
354 3789 432 3841 teste
451 3772 637 3839 Aristarcho
658 3797 709 3858 ap.
727 3774 918 3860 Harpocrat.
934 3795 963 3836 ν.
978 3771 1196 3834 Διεκοδόνισε.
1241 3767 1351 3833 Nostri

252 3878 354 3944 locum
378 3878 547 3964 respexisse
563 3876 689 3939 videtur
709 3878 834 3939 Auctor
856 3874 953 3940 Rhesi
968 3875 1041 3958 306.
1058 3872 1181 3954 Γοργὼν
1202 3869 1227 3935 δ’
1242 3871 1282 3937 ὣς
1304 3869 1350 3934 ἐπ’

252 3983 365 4064 αἰγίδος
380 3986 450 4048 θεᾶς
464 3982 580 4061 Χαλκῆ,
601 3979 747 4058 μετόποις
769 3981 913 4042 ἱππικοῖσι
935 3978 1110 4058 πρόσδετος,
1126 3978 1281 4037 Πολλοῖσι
1295 3972 1352 4037 σὺν

253 4086 385 4149 κόδωσιν
402 4083 519 4147 ἐκτύπει
532 4083 643 4163 φόβον.
669 4078 752 4144 Ibid.
768 4080 845 4164 383.
862 4081 945 4144 Κλόε
963 4079 999 4158 δὴ
1014 4082 1143 4158 κόμπους
1164 4076 1350 4156 κωδωνοκρό-

251 4212 320 4253 τους
344 4190 433 4268 l'lopb
457 4185 617 4266 πορπάκων
643 4183 709 4251 τοὺς
735 4187 944 4250 κελαδοῦντας.
967 4202 984 4244 e
1006 4181 1083 4244 loris
1108 4180 1202 4243 souti.
1241 4179 1352 4241 Κεάδαν

251 4301 355 4351 autem
372 4288 524 4374 significat
538 4288 733 4352 metallinam
748 4287 826 4374 quid
838 4307 996 4350 ommium.
1025 4281 1172 4370 Sophocl.
1189 4281 1280 4365 Ajac.
1301 4294 1351 4361 17.

252 4392 470 4469 Χαλκοσπόμον
485 4391 618 4456 κώδωνος
633 4390 671 4457 ὣς
685 4391 877 4471 Τυρσηνικῆς.
907 4386 974 4451 Ubi
991 4383 1086 4450 schol.
1103 4386 1203 4448 κάδων
1218 4388 1355 4446 καλεῖται

250 4491 285 4557 τὸ
299 4490 398 4556 πλατὺ
410 4494 462 4572 τῆς
476 4489 656 4572 σάλπιγγος.
694 4491 735 4554 In
751 4487 916 4576 Aristoph.
931 4489 1014 4554 Rau.
1031 4487 1107 4574 963.
1123 4482 1297 4572 AEaohylua
1311 4482 1353 4548 ab
