2978 5062
303 367 368 430 AD
393 366 585 433 SEPTEM
608 366 855 431 ADVERSUS
880 366 1080 431 THEBAS.
1176 365 1240 430 alt

138 532 335 597 conciliatori
359 543 463 598 ααίιπι
488 534 586 620 (ferro
609 532 673 599 scil.
697 534 749 599 cf.
773 534 863 620 885.)
889 535 1087 622 repretemto
1108 543 1179 598 erat
1199 555 1239 598 ον

137 634 250 698 amida
263 655 380 699 eorum.
404 637 492 700 Bene
506 636 603 701 schol.
618 637 787 719 μέμφονται
801 640 834 701 δέ
849 640 878 701 οἱ
892 639 978 718 φίλοι
992 638 1032 723 τι]
1048 639 1240 717 διαλλακτῆρι

139 738 236 802 αὐτῶν
251 738 369 825 σιδήρῳ.
393 740 568 804 BLOMF.
614 740 748 825 ἆμεμφίᾳ
762 737 840 803 Ald.
856 737 941 802 Rob.

183 860 256 924 910.
280 842 339 906 οὐδ’
357 845 492 926 ἐπίχαρις
505 841 610 927 Ἀρης]
627 844 700 906 Non
716 841 882 928 respondet
897 840 948 904 hic
963 863 1069 905 versus
1085 839 1241 926 strophieo

142 943 216 1027 899.
232 945 390 1026 διχόφρονι
404 947 516 1030 πότμῳ.
539 946 675 1028 ἐπίχαρις
689 943 769 1008 alius
784 942 926 1007 vooabuli
943 942 1157 1029 interpretatio
1175 964 1242 1007 esse

141 1042 278 1122 videtur,
293 1045 358 1110 sive
372 1045 404 1109 id
421 1050 544 1129 έγχαρις
559 1045 623 1110 sive
642 1044 728 1110 aliud
742 1044 814 1108 fnit.
859 1045 971 1109 Minus
991 1063 1101 1132 aptum
1116 1045 1242 1109 videtur

142 1146 273 1230 εὔχαρις.
317 1149 434 1211 Versus
448 1162 495 1212 est
509 1170 548 1211 ex
563 1169 677 1233 genere
690 1145 844 1233 glyconeo

598 1264 813 1353 1:00-1-

187 1304 588 1438 91¹·921=92²-9Sl·

187 1473 262 1538 911.
292 1454 536 1539 σιδαρόπλακτοι]
560 1456 791 1535 σιδαρόπλακτοι
819 1452 940 1538 aliquot
968 1451 1061 1516 codd.
1085 1467 1116 1517 et
1139 1454 1243 1517 Turn.

144 1557 366 1639 σιδηρόπλακτα
380 1556 459 1621 Ald.
481 1559 708 1638 σιδηρόπληκτοι
723 1557 772 1619 Μ.
788 1554 904 1641 aliique
918 1553 1071 1618 nonnulli.

187 1677 261 1743 912.
275 1659 325 1740 ἡμ.
338 1659 453 1725 iterum
469 1659 634 1745 praefixum
649 1657 681 1721 in
696 1656 773 1722 Ald.
790 1659 894 1722 Turn.

188 1760 431 1845 σιδαρόπλακτοι]
447 1761 569 1825 Eadem
584 1781 658 1846 quae
673 1781 704 1823 v.
714 1779 789 1842 911.
804 1758 956 1823 librorum
967 1757 1174 1845 discrepantia
1185 1726 1245 1834 est,
1366 1778 1369 1787 ’

145 1857 204 1923 nisi
221 1861 309 1947 quod
330 1864 561 1944 σιδηρόπλακτοι
575 1860 667 1941 Ald„
683 1863 914 1943 σιδαρόπληκτοι
929 1862 978 1926 Μ.
1024 1864 1102 1927 Post
1121 1861 1247 1941 μένουσι

145 1961 179 2026 in
204 1960 297 2028 L.M.
325 1986 432 2029 versus
456 1964 591 2029 insertus
621 1962 794 2045 τετυμμένοι
823 1961 885 2042 δῆθ’
915 1966 998 2043 ὁμοῦ,
1027 1962 1178 2049 repetitus
1206 1986 1247 2028 ex

146 2085 178 2127 v.
194 2064 270 2150 890.

190 2168 420 2248 σιδηρόπλακτοι
446 2173 550 2249 ταφῶν
577 2169 682 2251 λαχαί,
709 2170 924 2256 ναριιίατονιιαι
952 2171 1132 2234 sortitiones
1147 2169 1248 2255 ferro

133 2269 253 2354 fitctae,
268 2269 288 2332 i.
300 2292 327 2333 e.
342 2270 488 2355 ςιριιίιτα
488 2270 590 2355 ferro
603 2272 726 2356 effoeto.
750 2271 922 2335 BLOMF.

191 2389 266 2458 913.
283 2369 363 2456 τάχ’]
382 2370 461 2454 τόχα
476 2370 500 2434 δ’
516 2372 561 2436 Ν.
577 2371 655 2435 ΑΜ.

191 2493 266 2559 914.
281 2474 332 2553 ἡμ.
348 2473 515 2560 praefixum
530 2473 562 2537 in
579 2474 683 2537 Turn.

191 2590 264 2660 915.
282 2580 359 2640 HM.
373 2597 436 2638 om.
452 2573 530 2639 Ald.
547 2577 652 2638 Turn.

192 2676 274 2761 δχδν
296 2677 328 2744 ές
350 2677 401 2745 ote
422 2675 592 2741 Elmsleius
612 2675 653 2741 ad
674 2675 789 2763 Eurip.
806 2676 896 2741 Med.
911 2693 984 2760 147.
1008 2680 1072 2761 ἀχὼ
1088 2677 1132 2742 ἐπ’
1147 2679 1251 2748 αι’ποδς

150 2776 228 2843 Ald.
244 2778 351 2843 Turn.
375 2778 454 2862 δχὴν
468 2780 500 2847 ές
514 2777 620 2846 αὐτοὺς
634 2780 694 2842 Ατ.
711 2777 795 2842 Rob.
819 2778 879 2861 όχὴ
897 2781 940 2846 εἷς
956 2779 1059 2848 αὐτοὺς
1076 2782 1113 2845 C.
1136 2782 1201 2865 δχδ
1218 2785 1250 2852 ές

150 2879 253 2948 αὐτοὺς
273 2879 316 2944 Κ.
339 2879 442 2963 δχήεις
463 2880 568 2948 αὐτοὺς
587 2903 651 2944 var.
674 2879 743 2944 lect.
766 2880 798 2945 in
822 2884 860 2945 B.
907 2882 1089 2959 Scholiasta,
1112 2884 1171 2948 ἀπὸ
1192 2891 1251 2950 τῶν

150 2985 248 3065 δόμων
261 2982 339 3067 ἠχὴν
354 2983 403 3048 καὶ
415 2983 495 3064 βοὴν
509 2983 677 3066 προπέμπει
692 2982 736 3048 ἐπ’
753 2984 857 3052 αὐτοὺς
871 2987 943 3068 γόος
958 2986 1005 3050 καὶ
1020 2990 1134 3068 θρῆνος.

193 3101 381 3172 917-920.
412 3085 546 3168 δαίφρων
561 3122 604 3136 -
623 3084 629 3172 Ι
648 3085 738 3167 δάκρυ
749 3123 793 3136 --
811 3085 817 3172 Ι
837 3088 1067 3168 κλαιομένας-
1085 3087 1091 3176 Ι
1110 3095 1252 3157 τοῖνδε-

193 3304 269 3374 917.
286 3292 438 3373 δαϊόφρων
454 3292 666 3355 Hermannus.
690 3289 823 3371 δαΐφρον
837 3288 919 3353 libri.

192 3393 241 3476 οὐ]
259 3391 284 3456 δ’
300 3393 336 3458 οὗ
351 3395 402 3458 Μ.
418 3393 535 3480 aliique
549 3392 700 3458 nonnulli.
724 3391 749 3455 τ’
765 3391 800 3455 οδ
815 3391 900 3455 Rob.

194 3495 362 3577 φιλομαθὴς
377 3497 426 3559 Μ.
441 3518 514 3560 eum
529 3495 632 3560 tribus
644 3493 722 3558 aliis.
744 3493 915 3575 φιλομαθὴς
929 3493 1035 3579 vulgo.

194 3597 269 3679 918.
280 3596 462 3681 δακρυχέων]
478 3597 569 3678 δάκρυ
582 3595 664 3681 χέων
674 3594 794 3681 aliquot
805 3594 897 3662 oodd.
912 3610 943 3660 et
953 3595 1031 3661 Ald.
1047 3597 1198 3681 δακρυχέω
1210 3600 1249 3663 C.

194 3697 239 3783 ἐκ]
268 3696 293 3761 δ’
319 3699 353 3763 έκ
377 3699 555 3764 C.E.M.N.
580 3697 730 3763 Cantabr.
758 3711 901 3785 uterque,
929 3699 1063 3765 Vindob.
1090 3712 1250 3786 quattuor,

151 3798 255 3864 λίπει).

193 3920 267 3987 920.
283 3901 473 3987 κλαιομένας]
491 3901 658 3981 πλαομένας
674 3903 832 3967 Porsonus
846 3918 941 3969 recte.

192 4022 266 4087 921.
282 4003 379 4090 δυοῖν]
396 4009 477 4069 δυεῖν
492 4005 533 4069 Β.
557 4008 650 4070 δοιοῖν
667 4005 716 4067 M.

192 4125 266 4191 922.
281 4103 369 4171 ἨΜ
385 4128 448 4171 om.
466 4105 541 4170 Ald.
558 4108 662 4170 Turn.

192 4207 319 4289 πόρεστι
340 4206 380 4293 δ’]
406 4207 552 4289 πόρεστιν
571 4207 595 4272 δ’
613 4209 664 4271 Μ.
680 4220 712 4271 et
727 4207 840 4273 omisso
854 4207 878 4272 δ’
895 4212 950 4272 Ar.
966 4210 1046 4289 πόρα
1061 4208 1084 4272 δ’
1100 4223 1251 4295 quattuor

150 4305 212 4373 alii.

195 4427 271 4493 924.
286 4412 412 4478 πολίτας
427 4410 576 4477 Cantabr.
593 4411 759 4476 secundus.
782 4414 918 4481 πολίταις
933 4410 1040 4498 vulgo.

196 4512 379 4596 925-960.
408 4509 557 4589 ξένοιν-
575 4511 581 4598 Ι
601 4514 634 4576 ἐν
663 4510 791 4576 δαίδι-
810 4511 816 4598 Ι
834 4512 890 4593 πρὸ
902 4551 943 4567 -
960 4513 968 4600 Ι
986 4516 1205 4597 τεκνογόνοι-
1226 4513 1251 4600 Ι·

676 4637 726 4676 Ee
