<?xml version="1.0" encoding="UTF-8"?>
<!DOCTYPE html PUBLIC "-//W3C//DTD XHTML 1.0 Transitional//EN"
    "http://www.w3.org/TR/xhtml1/DTD/xhtml1-transitional.dtd">
<html xmlns="http://www.w3.org/1999/xhtml" xml:lang="en" lang="en">
 <head>
  <title>
</title>
<meta http-equiv="Content-Type" content="text/html;charset=utf-8" />
  <meta name='ocr-system' content='tesseract 3.04.00' />
  <meta name='ocr-capabilities' content='ocr_page ocr_carea ocr_par ocr_line ocrx_word'/>
</head>
<body>
  <div class='ocr_page' id='page_1' title='image "./tragoediaesuper02aescgoog_0100.png"; bbox 0 0 2978 5062; ppageno 0'>
   <div class='ocr_carea' id='block_1_1' title="bbox 190 332 927 406">
    <p class='ocr_par' dir='ltr' id='par_1_1' title="bbox 190 332 927 406">
     <span class='ocr_line' id='line_1_1' title="bbox 190 332 927 406; baseline 0 -11"><span class='ocrx_word' id='word_1_1' title='bbox 190 339 234 406; x_wconf 87' lang='grc'>90</span> <span class='ocrx_word' id='word_1_2' title='bbox 549 332 927 397; x_wconf 86' lang='lat' dir='ltr'><strong>ANNOTATIONES</strong></span> 
     </span>
    </p>
   </div>
   <div class='ocr_carea' id='block_1_2' title="bbox 187 485 1314 4015">
    <p class='ocr_par' dir='ltr' id='par_1_2' title="bbox 189 485 1314 688">
     <span class='ocr_line' id='line_1_2' title="bbox 189 485 1314 587; baseline -0.004 -18"><span class='ocrx_word' id='word_1_3' title='bbox 189 506 373 587; x_wconf 81' lang='grc' dir='ltr'>σαφέστατε.</span> <span class='ocrx_word' id='word_1_4' title='bbox 390 503 466 567; x_wconf 90' lang='lat' dir='ltr'>ibid.</span> <span class='ocrx_word' id='word_1_5' title='bbox 482 506 574 587; x_wconf 85' lang='lat'><strong>1643.</strong></span> <span class='ocrx_word' id='word_1_6' title='bbox 599 503 715 566; x_wconf 83' lang='lat' dir='ltr'>Noster</span> <span class='ocrx_word' id='word_1_7' title='bbox 731 502 836 566; x_wconf 84' lang='lat' dir='ltr'><strong>Theb.</strong></span> <span class='ocrx_word' id='word_1_8' title='bbox 851 516 922 584; x_wconf 90' lang='lat'>147.</span> <span class='ocrx_word' id='word_1_9' title='bbox 947 503 991 566; x_wconf 78' lang='grc' dir='ltr'>Σύ</span> <span class='ocrx_word' id='word_1_10' title='bbox 1011 500 1047 574; x_wconf 91' lang='grc' dir='ltr'>τ’,</span> <span class='ocrx_word' id='word_1_11' title='bbox 1064 499 1088 564; x_wconf 77' lang='grc' dir='ltr'>ὦ</span> <span class='ocrx_word' id='word_1_12' title='bbox 1103 485 1314 581; x_wconf 71' lang='grc' dir='ltr'>Λατογένεια</span> 
     </span>
     <span class='ocr_line' id='line_1_3' title="bbox 189 607 499 688; baseline -0.013 -17"><span class='ocrx_word' id='word_1_13' title='bbox 189 608 307 688; x_wconf 83' lang='grc' dir='ltr'>κου’ρα.”</span> <span class='ocrx_word' id='word_1_14' title='bbox 324 607 499 670; x_wconf 83' lang='lat' dir='ltr'><strong>BLOMF.</strong></span> 
     </span>
    </p>

    <p class='ocr_par' dir='ltr' id='par_1_3' title="bbox 187 701 1291 977">
     <span class='ocr_line' id='line_1_4' title="bbox 232 701 1290 793; baseline -0.004 -21"><span class='ocrx_word' id='word_1_15' title='bbox 232 710 304 793; x_wconf 90' lang='lat'>706.</span> <span class='ocrx_word' id='word_1_16' title='bbox 329 707 465 772; x_wconf 90' lang='lat' dir='ltr'>Locutio</span> <span class='ocrx_word' id='word_1_17' title='bbox 486 704 657 769; x_wconf 87' lang='lat' dir='ltr'>Homerica</span> <span class='ocrx_word' id='word_1_18' title='bbox 674 719 722 767; x_wconf 86' lang='lat' dir='ltr'>est</span> <span class='ocrx_word' id='word_1_19' title='bbox 744 704 826 788; x_wconf 71' lang='grc' dir='ltr'>θυμῷ</span> <span class='ocrx_word' id='word_1_20' title='bbox 843 701 927 783; x_wconf 93' lang='grc' dir='ltr'>βάλ’.</span> <span class='ocrx_word' id='word_1_21' title='bbox 951 701 1014 767; x_wconf 82' lang='grc' dir='ltr'>Οά.</span> <span class='ocrx_word' id='word_1_22' title='bbox 1033 707 1072 779; x_wconf 87' lang='grc' dir='ltr'>Α,</span> <span class='ocrx_word' id='word_1_23' title='bbox 1090 720 1161 767; x_wconf 82' lang='lat'><strong>201.</strong></span> <span class='ocrx_word' id='word_1_24' title='bbox 1184 705 1225 770; x_wconf 81' lang='grc' dir='ltr'>ιὀς</span> <span class='ocrx_word' id='word_1_25' title='bbox 1243 706 1290 768; x_wconf 76' lang='grc' dir='ltr'>ἐνὶ</span> 
     </span>
     <span class='ocr_line' id='line_1_5' title="bbox 189 803 1291 895; baseline -0.003 -21"><span class='ocrx_word' id='word_1_26' title='bbox 189 814 268 895; x_wconf 70' lang='grc' dir='ltr'>θυμῷ</span> <span class='ocrx_word' id='word_1_27' title='bbox 281 808 442 873; x_wconf 78' lang='grc' dir='ltr'>Ἀθάνατοι</span> <span class='ocrx_word' id='word_1_28' title='bbox 455 807 617 888; x_wconf 73' lang='grc' dir='ltr'>βάλλουσι</span> <span class='ocrx_word' id='word_1_29' title='bbox 634 805 790 869; x_wconf 88' lang='lat' dir='ltr'>Herodot.</span> <span class='ocrx_word' id='word_1_30' title='bbox 802 823 834 888; x_wconf 88' lang='lat'>7,</span> <span class='ocrx_word' id='word_1_31' title='bbox 844 822 900 889; x_wconf 86' lang='lat'><strong>51.</strong></span> <span class='ocrx_word' id='word_1_32' title='bbox 918 808 949 872; x_wconf 81' lang='grc' dir='ltr'>ές</span> <span class='ocrx_word' id='word_1_33' title='bbox 964 805 1057 886; x_wconf 81' lang='grc' dir='ltr'>θυμὸν</span> <span class='ocrx_word' id='word_1_34' title='bbox 1070 803 1113 870; x_wconf 79' lang='grc' dir='ltr'>ὧν</span> <span class='ocrx_word' id='word_1_35' title='bbox 1126 811 1226 885; x_wconf 80' lang='grc' dir='ltr'>βαλεΰ</span> <span class='ocrx_word' id='word_1_36' title='bbox 1241 809 1291 871; x_wconf 80' lang='grc' dir='ltr'>καὶ</span> 
     </span>
     <span class='ocr_line' id='line_1_6' title="bbox 187 909 658 977; baseline -0.013 -2"><span class='ocrx_word' id='word_1_37' title='bbox 187 911 222 975; x_wconf 88' lang='grc' dir='ltr'>τδ</span> <span class='ocrx_word' id='word_1_38' title='bbox 237 912 369 975; x_wconf 83' lang='grc' dir='ltr'>παλαιὸν</span> <span class='ocrx_word' id='word_1_39' title='bbox 385 913 465 977; x_wconf 84' lang='grc' dir='ltr'>ἔπος.</span> <span class='ocrx_word' id='word_1_40' title='bbox 482 909 658 973; x_wconf 79' lang='lat' dir='ltr'><strong>BLOMF.</strong></span> 
     </span>
    </p>

    <p class='ocr_par' dir='ltr' id='par_1_4' title="bbox 230 1008 1201 1097">
     <span class='ocr_line' id='line_1_7' title="bbox 230 1008 1201 1097; baseline -0.004 -20"><span class='ocrx_word' id='word_1_41' title='bbox 230 1012 318 1097; x_wconf 93' lang='grc' dir='ltr'>βάλ’]</span> <span class='ocrx_word' id='word_1_42' title='bbox 335 1010 402 1092; x_wconf 90' lang='grc' dir='ltr'>μάθ’</span> <span class='ocrx_word' id='word_1_43' title='bbox 420 1013 468 1074; x_wconf 88' lang='grc' dir='ltr'>Μ.</span> <span class='ocrx_word' id='word_1_44' title='bbox 484 1026 516 1075; x_wconf 89' lang='lat' dir='ltr'>et</span> <span class='ocrx_word' id='word_1_45' title='bbox 530 1009 688 1095; x_wconf 87' lang='lat' dir='ltr'>adscripto</span> <span class='ocrx_word' id='word_1_46' title='bbox 701 1008 774 1088; x_wconf 90' lang='grc' dir='ltr'>βάλ’</span> <span class='ocrx_word' id='word_1_47' title='bbox 790 1010 833 1072; x_wconf 87' lang='grc' dir='ltr'>Ν.</span> <span class='ocrx_word' id='word_1_48' title='bbox 856 1008 949 1089; x_wconf 87' lang='grc' dir='ltr'>βάλλ’</span> <span class='ocrx_word' id='word_1_49' title='bbox 964 1021 1026 1072; x_wconf 81' lang='lat' dir='ltr'>tres</span> <span class='ocrx_word' id='word_1_50' title='bbox 1040 1008 1091 1073; x_wconf 85' lang='lat' dir='ltr'>alii</span> <span class='ocrx_word' id='word_1_51' title='bbox 1105 1009 1201 1074; x_wconf 86' lang='lat' dir='ltr'>codd.</span> 
     </span>
    </p>

    <p class='ocr_par' dir='ltr' id='par_1_5' title="bbox 230 1110 648 1198">
     <span class='ocr_line' id='line_1_8' title="bbox 230 1110 648 1198; baseline -0.007 -22"><span class='ocrx_word' id='word_1_52' title='bbox 230 1113 362 1198; x_wconf 86' lang='grc' dir='ltr'>τέρματ’]</span> <span class='ocrx_word' id='word_1_53' title='bbox 381 1111 460 1194; x_wconf 88' lang='grc' dir='ltr'>τέρμ’</span> <span class='ocrx_word' id='word_1_54' title='bbox 476 1112 542 1176; x_wconf 90' lang='lat' dir='ltr'>duo</span> <span class='ocrx_word' id='word_1_55' title='bbox 556 1110 648 1175; x_wconf 85' lang='lat' dir='ltr'><strong>codd.</strong></span> 
     </span>
    </p>

    <p class='ocr_par' dir='ltr' id='par_1_6' title="bbox 232 1209 999 1298">
     <span class='ocr_line' id='line_1_9' title="bbox 232 1209 999 1298; baseline -0.007 -18"><span class='ocrx_word' id='word_1_56' title='bbox 232 1231 306 1298; x_wconf 89' lang='lat'>707.</span> <span class='ocrx_word' id='word_1_57' title='bbox 323 1212 450 1297; x_wconf 76' lang='grc' dir='ltr'>ἐνθένδ’]</span> <span class='ocrx_word' id='word_1_58' title='bbox 471 1210 568 1276; x_wconf 85' lang='grc' dir='ltr'>ἐνθάδ’</span> <span class='ocrx_word' id='word_1_59' title='bbox 585 1209 633 1274; x_wconf 90' lang='lat' dir='ltr'>vel</span> <span class='ocrx_word' id='word_1_60' title='bbox 651 1210 757 1275; x_wconf 74' lang='grc' dir='ltr'>ἐνθάδε</span> <span class='ocrx_word' id='word_1_61' title='bbox 771 1209 891 1296; x_wconf 80' lang='lat' dir='ltr'>aliquot</span> <span class='ocrx_word' id='word_1_62' title='bbox 906 1211 999 1276; x_wconf 89' lang='lat' dir='ltr'>codd.</span> 
     </span>
    </p>

    <p class='ocr_par' dir='ltr' id='par_1_7' title="bbox 188 1310 1290 2717">
     <span class='ocr_line' id='line_1_10' title="bbox 231 1310 1287 1399; baseline -0.003 -19"><span class='ocrx_word' id='word_1_63' title='bbox 231 1319 360 1383; x_wconf 77' lang='grc' dir='ltr'>ἀντολὰς</span> <span class='ocrx_word' id='word_1_64' title='bbox 382 1313 491 1398; x_wconf 78' lang='lat' dir='ltr'>steph.</span> <span class='ocrx_word' id='word_1_65' title='bbox 514 1329 545 1376; x_wconf 88' lang='lat' dir='ltr'>et</span> <span class='ocrx_word' id='word_1_66' title='bbox 567 1335 640 1399; x_wconf 86' lang='lat' dir='ltr'>pars</span> <span class='ocrx_word' id='word_1_67' title='bbox 661 1310 814 1376; x_wconf 86' lang='lat' dir='ltr'>codicum.</span> <span class='ocrx_word' id='word_1_68' title='bbox 860 1312 926 1376; x_wconf 88' lang='lat' dir='ltr'>Alii</span> <span class='ocrx_word' id='word_1_69' title='bbox 949 1315 1101 1380; x_wconf 82' lang='grc' dir='ltr'>άνατολδς</span> <span class='ocrx_word' id='word_1_70' title='bbox 1121 1336 1193 1377; x_wconf 90' lang='lat' dir='ltr'>cum</span> <span class='ocrx_word' id='word_1_71' title='bbox 1209 1314 1287 1378; x_wconf 86' lang='lat' dir='ltr'>Ald.</span> 
     </span>
     <span class='ocr_line' id='line_1_11' title="bbox 190 1413 1287 1493; baseline -0.002 -11"><span class='ocrx_word' id='word_1_72' title='bbox 190 1419 435 1483; x_wconf 84' lang='grc' dir='ltr'>Τυτπ.άατολδς</span> <span class='ocrx_word' id='word_1_73' title='bbox 450 1415 534 1479; x_wconf 89' lang='lat' dir='ltr'>Rob.</span> <span class='ocrx_word' id='word_1_74' title='bbox 551 1414 705 1477; x_wconf 87' lang='lat' dir='ltr'>“Delus</span> <span class='ocrx_word' id='word_1_75' title='bbox 719 1413 876 1477; x_wconf 85' lang='lat' dir='ltr'>ermribus</span> <span class='ocrx_word' id='word_1_76' title='bbox 890 1414 989 1478; x_wconf 86' lang='lat' dir='ltr'>multa</span> <span class='ocrx_word' id='word_1_77' title='bbox 1005 1414 1108 1493; x_wconf 90' lang='lat' dir='ltr'>multi,</span> <span class='ocrx_word' id='word_1_78' title='bbox 1125 1431 1162 1479; x_wconf 90' lang='lat' dir='ltr'>ut</span> <span class='ocrx_word' id='word_1_79' title='bbox 1176 1416 1287 1493; x_wconf 84' lang='lat' dir='ltr'><strong>solent,</strong></span> 
     </span>
     <span class='ocr_line' id='line_1_12' title="bbox 188 1515 1289 1604; baseline -0.001 -22"><span class='ocrx_word' id='word_1_80' title='bbox 188 1519 389 1603; x_wconf 82' lang='lat' dir='ltr'>scripserunt,</span> <span class='ocrx_word' id='word_1_81' title='bbox 404 1538 540 1603; x_wconf 92' lang='lat' dir='ltr'>quorum</span> <span class='ocrx_word' id='word_1_82' title='bbox 555 1538 617 1579; x_wconf 93' lang='lat' dir='ltr'>non</span> <span class='ocrx_word' id='word_1_83' title='bbox 635 1530 776 1579; x_wconf 86' lang='lat' dir='ltr'>nostrum</span> <span class='ocrx_word' id='word_1_84' title='bbox 798 1531 845 1579; x_wconf 85' lang='lat' dir='ltr'>est</span> <span class='ocrx_word' id='word_1_85' title='bbox 867 1515 936 1579; x_wconf 88' lang='lat' dir='ltr'>lites</span> <span class='ocrx_word' id='word_1_86' title='bbox 956 1537 1163 1603; x_wconf 84' lang='lat' dir='ltr'>oomponere3</span> <span class='ocrx_word' id='word_1_87' title='bbox 1185 1540 1289 1604; x_wconf 89' lang='lat' dir='ltr'>neque</span> 
     </span>
     <span class='ocr_line' id='line_1_13' title="bbox 188 1616 1287 1704; baseline 0.001 -22"><span class='ocrx_word' id='word_1_88' title='bbox 188 1620 220 1683; x_wconf 93' lang='lat' dir='ltr'>id</span> <span class='ocrx_word' id='word_1_89' title='bbox 243 1620 351 1682; x_wconf 87' lang='lat' dir='ltr'>fecisse</span> <span class='ocrx_word' id='word_1_90' title='bbox 371 1616 633 1704; x_wconf 73' lang='lat' dir='ltr'>operaepretium</span> <span class='ocrx_word' id='word_1_91' title='bbox 655 1618 770 1683; x_wconf 84' lang='lat' dir='ltr'>fuerit:</span> <span class='ocrx_word' id='word_1_92' title='bbox 810 1618 884 1682; x_wconf 87' lang='lat' dir='ltr'>satis</span> <span class='ocrx_word' id='word_1_93' title='bbox 908 1618 989 1682; x_wconf 81' lang='lat' dir='ltr'>eninr</span> <span class='ocrx_word' id='word_1_94' title='bbox 1016 1619 1215 1684; x_wconf 80' lang='lat' dir='ltr'>manifestum</span> <span class='ocrx_word' id='word_1_95' title='bbox 1241 1637 1287 1684; x_wconf 89' lang='lat' dir='ltr'>est</span> 
     </span>
     <span class='ocr_line' id='line_1_14' title="bbox 188 1719 1290 1807; baseline -0.002 -21"><span class='ocrx_word' id='word_1_96' title='bbox 188 1720 375 1807; x_wconf 87' lang='lat' dir='ltr'>AEschylum</span> <span class='ocrx_word' id='word_1_97' title='bbox 406 1742 494 1782; x_wconf 85' lang='lat' dir='ltr'>suam</span> <span class='ocrx_word' id='word_1_98' title='bbox 522 1719 757 1806; x_wconf 82' lang='lat' dir='ltr'><strong>geographiam,</strong></span> <span class='ocrx_word' id='word_1_99' title='bbox 786 1743 874 1784; x_wconf 86' lang='lat' dir='ltr'>suam</span> <span class='ocrx_word' id='word_1_100' title='bbox 906 1719 1143 1807; x_wconf 83' lang='lat' dir='ltr'>mythologiam‚</span> <span class='ocrx_word' id='word_1_101' title='bbox 1173 1744 1290 1807; x_wconf 88' lang='lat' dir='ltr'>easque</span> 
     </span>
     <span class='ocr_line' id='line_1_15' title="bbox 188 1819 1287 1910; baseline 0.002 -26"><span class='ocrx_word' id='word_1_102' title='bbox 188 1845 301 1910; x_wconf 90' lang='lat' dir='ltr'>parum</span> <span class='ocrx_word' id='word_1_103' title='bbox 324 1835 494 1898; x_wconf 87' lang='lat' dir='ltr'>accuratas,</span> <span class='ocrx_word' id='word_1_104' title='bbox 517 1819 681 1894; x_wconf 85' lang='lat' dir='ltr'>habuisse;</span> <span class='ocrx_word' id='word_1_105' title='bbox 706 1835 790 1886; x_wconf 87' lang='lat' dir='ltr'>recte</span> <span class='ocrx_word' id='word_1_106' title='bbox 810 1835 916 1886; x_wconf 87' lang='lat' dir='ltr'>autem</span> <span class='ocrx_word' id='word_1_107' title='bbox 938 1821 1054 1886; x_wconf 76' lang='lat' dir='ltr'>dixisse</span> <span class='ocrx_word' id='word_1_108' title='bbox 1075 1823 1287 1908; x_wconf 80' lang='lat' dir='ltr'>Agatharchi-</span> 
     </span>
     <span class='ocr_line' id='line_1_16' title="bbox 188 1922 1288 2011; baseline 0 -23"><span class='ocrx_word' id='word_1_109' title='bbox 188 1925 260 1989; x_wconf 90' lang='lat' dir='ltr'>dem</span> <span class='ocrx_word' id='word_1_110' title='bbox 276 1924 316 1988; x_wconf 90' lang='lat' dir='ltr'>de</span> <span class='ocrx_word' id='word_1_111' title='bbox 332 1924 417 1987; x_wconf 88' lang='lat' dir='ltr'>Mar.</span> <span class='ocrx_word' id='word_1_112' title='bbox 433 1922 564 2008; x_wconf 87' lang='lat' dir='ltr'>Erythr.</span> <span class='ocrx_word' id='word_1_113' title='bbox 576 1945 610 2008; x_wconf 91' lang='lat' dir='ltr'>p.</span> <span class='ocrx_word' id='word_1_114' title='bbox 624 1943 672 2003; x_wconf 86' lang='lat'><strong>14.</strong></span> <span class='ocrx_word' id='word_1_115' title='bbox 685 1923 734 1987; x_wconf 88' lang='lat' dir='ltr'>ed.</span> <span class='ocrx_word' id='word_1_116' title='bbox 748 1924 792 1986; x_wconf 87' lang='lat' dir='ltr'>H.</span> <span class='ocrx_word' id='word_1_117' title='bbox 808 1926 853 1988; x_wconf 89' lang='lat' dir='ltr'>St.</span> <span class='ocrx_word' id='word_1_118' title='bbox 864 1922 971 1987; x_wconf 90' lang='lat' dir='ltr'>Photii</span> <span class='ocrx_word' id='word_1_119' title='bbox 984 1922 1135 1988; x_wconf 90' lang='lat' dir='ltr'>Biblioth.</span> <span class='ocrx_word' id='word_1_120' title='bbox 1150 1947 1181 2011; x_wconf 91' lang='lat' dir='ltr'>p.</span> <span class='ocrx_word' id='word_1_121' title='bbox 1196 1943 1250 2009; x_wconf 82' lang='lat'>¹3¹</span> <span class='ocrx_word' id='word_1_122' title='bbox 1256 1944 1288 2009; x_wconf 83' lang='lat'><strong>3.</strong></span> 
     </span>
     <span class='ocr_line' id='line_1_17' title="bbox 189 2025 1287 2108; baseline -0.001 -17"><span class='ocrx_word' id='word_1_123' title='bbox 189 2026 248 2092; x_wconf 81' lang='grc' dir='ltr'>οὐδ’</span> <span class='ocrx_word' id='word_1_124' title='bbox 265 2027 420 2108; x_wconf 79' lang='grc' dir='ltr'>Αἰσχύλον</span> <span class='ocrx_word' id='word_1_125' title='bbox 436 2025 614 2104; x_wconf 79' lang='grc' dir='ltr'>έπιπλήττω,</span> <span class='ocrx_word' id='word_1_126' title='bbox 631 2032 758 2093; x_wconf 83' lang='grc' dir='ltr'>πολλοῖς</span> <span class='ocrx_word' id='word_1_127' title='bbox 778 2026 1009 2108; x_wconf 77' lang='grc' dir='ltr'>διεψευσμένον,</span> <span class='ocrx_word' id='word_1_128' title='bbox 1025 2029 1192 2090; x_wconf 70' lang='grc' dir='ltr'>καὶπολλὰ</span> <span class='ocrx_word' id='word_1_129' title='bbox 1213 2052 1287 2108; x_wconf 82' lang='grc' dir='ltr'>συγ-</span> 
     </span>
     <span class='ocr_line' id='line_1_18' title="bbox 189 2124 1287 2208; baseline 0 -18"><span class='ocrx_word' id='word_1_130' title='bbox 189 2126 346 2208; x_wconf 85' lang='grc' dir='ltr'>γράφοντα</span> <span class='ocrx_word' id='word_1_131' title='bbox 359 2131 418 2187; x_wconf 83' lang='grc' dir='ltr'>τῶν</span> <span class='ocrx_word' id='word_1_132' title='bbox 434 2124 764 2206; x_wconf 75' lang='grc' dir='ltr'>άσυγχωρήτων-οὗδέ</span> <span class='ocrx_word' id='word_1_133' title='bbox 778 2127 846 2193; x_wconf 82' lang='grc' dir='ltr'>τοὺς</span> <span class='ocrx_word' id='word_1_134' title='bbox 857 2127 969 2192; x_wconf 89' lang='grc' dir='ltr'>άλλους</span> <span class='ocrx_word' id='word_1_135' title='bbox 981 2129 1024 2193; x_wconf 79' lang='grc' dir='ltr'>εἰς</span> <span class='ocrx_word' id='word_1_136' title='bbox 1034 2128 1202 2206; x_wconf 71' lang='grc' dir='ltr'>ἐπιτίμησιν</span> <span class='ocrx_word' id='word_1_137' title='bbox 1212 2128 1287 2208; x_wconf 78' lang='lat' dir='ltr'>dyo,</span> 
     </span>
     <span class='ocr_line' id='line_1_19' title="bbox 190 2226 1289 2310; baseline 0.003 -18"><span class='ocrx_word' id='word_1_138' title='bbox 190 2233 359 2293; x_wconf 79' lang='grc' dir='ltr'>διασκευαῖς</span> <span class='ocrx_word' id='word_1_139' title='bbox 375 2228 408 2290; x_wconf 87' lang='grc' dir='ltr'>έν</span> <span class='ocrx_word' id='word_1_140' title='bbox 423 2232 484 2292; x_wconf 81' lang='grc' dir='ltr'>τοῖς</span> <span class='ocrx_word' id='word_1_141' title='bbox 498 2226 626 2307; x_wconf 85' lang='grc' dir='ltr'>δράμασι</span> <span class='ocrx_word' id='word_1_142' title='bbox 646 2227 817 2310; x_wconf 85' lang='grc' dir='ltr'>χρωμένους</span> <span class='ocrx_word' id='word_1_143' title='bbox 836 2227 999 2295; x_wconf 81' lang='grc' dir='ltr'>ἀδυνάτοις·</span> <span class='ocrx_word' id='word_1_144' title='bbox 1022 2230 1068 2291; x_wconf 84' lang='grc' dir='ltr'>ὅτι</span> <span class='ocrx_word' id='word_1_145' title='bbox 1089 2233 1147 2294; x_wconf 85' lang='grc' dir='ltr'>πᾶς</span> <span class='ocrx_word' id='word_1_146' title='bbox 1168 2229 1289 2307; x_wconf 76' lang='grc' dir='ltr'>ποιητὴς</span> 
     </span>
     <span class='ocr_line' id='line_1_20' title="bbox 189 2326 1287 2414; baseline 0 -23"><span class='ocrx_word' id='word_1_147' title='bbox 189 2330 388 2412; x_wconf 79' lang='grc' dir='ltr'>ψυχαγωγίας</span> <span class='ocrx_word' id='word_1_148' title='bbox 409 2326 428 2406; x_wconf 81' lang='grc' dir='ltr'>ἢ</span> <span class='ocrx_word' id='word_1_149' title='bbox 450 2328 589 2406; x_wconf 78' lang='grc' dir='ltr'>ἀληθείας</span> <span class='ocrx_word' id='word_1_150' title='bbox 612 2329 677 2392; x_wconf 75' lang='grc' dir='ltr'>ἐστὶ</span> <span class='ocrx_word' id='word_1_151' title='bbox 698 2328 877 2411; x_wconf 76' lang='grc' dir='ltr'>στοχαστής.</span> <span class='ocrx_word' id='word_1_152' title='bbox 922 2329 1024 2405; x_wconf 84' lang='lat' dir='ltr'>Quam</span> <span class='ocrx_word' id='word_1_153' title='bbox 1047 2350 1158 2414; x_wconf 89' lang='lat' dir='ltr'>parum</span> <span class='ocrx_word' id='word_1_154' title='bbox 1181 2343 1287 2392; x_wconf 80' lang='lat' dir='ltr'>autem</span> 
     </span>
     <span class='ocr_line' id='line_1_21' title="bbox 189 2427 1288 2517; baseline -0.001 -23"><span class='ocrx_word' id='word_1_155' title='bbox 189 2430 223 2494; x_wconf 90' lang='lat' dir='ltr'>in</span> <span class='ocrx_word' id='word_1_156' title='bbox 243 2429 436 2517; x_wconf 85' lang='lat' dir='ltr'><strong>geographia</strong></span> <span class='ocrx_word' id='word_1_157' title='bbox 451 2431 500 2492; x_wconf 91' lang='lat' dir='ltr'>vel</span> <span class='ocrx_word' id='word_1_158' title='bbox 516 2430 686 2493; x_wconf 65' lang='lat' dir='ltr'>Hecataeus</span> <span class='ocrx_word' id='word_1_159' title='bbox 707 2428 851 2492; x_wconf 83' lang='lat' dir='ltr'>Milesius</span> <span class='ocrx_word' id='word_1_160' title='bbox 872 2427 1062 2513; x_wconf 76' lang='lat' dir='ltr'>profecisset,</span> <span class='ocrx_word' id='word_1_161' title='bbox 1082 2429 1173 2493; x_wconf 89' lang='lat' dir='ltr'>docet</span> <span class='ocrx_word' id='word_1_162' title='bbox 1195 2430 1288 2493; x_wconf 87' lang='lat' dir='ltr'>scho-</span> 
     </span>
     <span class='ocr_line' id='line_1_22' title="bbox 189 2529 1288 2619; baseline -0.002 -24"><span class='ocrx_word' id='word_1_163' title='bbox 189 2533 279 2597; x_wconf 90' lang='lat' dir='ltr'>liasta</span> <span class='ocrx_word' id='word_1_164' title='bbox 293 2531 454 2619; x_wconf 87' lang='lat' dir='ltr'>Apollonii</span> <span class='ocrx_word' id='word_1_165' title='bbox 478 2531 586 2595; x_wconf 88' lang='lat' dir='ltr'>Rhod.</span> <span class='ocrx_word' id='word_1_166' title='bbox 602 2553 634 2610; x_wconf 90' lang='lat'>4.</span> <span class='ocrx_word' id='word_1_167' title='bbox 650 2553 684 2617; x_wconf 90' lang='lat' dir='ltr'>p.</span> <span class='ocrx_word' id='word_1_168' title='bbox 703 2549 776 2616; x_wconf 82' lang='lat'><strong>259.</strong></span> <span class='ocrx_word' id='word_1_169' title='bbox 800 2529 872 2594; x_wconf 84' lang='lat' dir='ltr'>vid.</span> <span class='ocrx_word' id='word_1_170' title='bbox 894 2531 1043 2596; x_wconf 86' lang='lat' dir='ltr'>Larcher.</span> <span class='ocrx_word' id='word_1_171' title='bbox 1067 2531 1105 2595; x_wconf 89' lang='lat' dir='ltr'>ad</span> <span class='ocrx_word' id='word_1_172' title='bbox 1131 2532 1288 2596; x_wconf 86' lang='lat' dir='ltr'>Herodot.</span> 
     </span>
     <span class='ocr_line' id='line_1_23' title="bbox 190 2634 641 2717; baseline -0.011 -18"><span class='ocrx_word' id='word_1_173' title='bbox 190 2635 250 2700; x_wconf 88' lang='lat' dir='ltr'>vol.</span> <span class='ocrx_word' id='word_1_174' title='bbox 265 2654 293 2700; x_wconf 89' lang='lat'><strong>2.</strong></span> <span class='ocrx_word' id='word_1_175' title='bbox 309 2659 340 2717; x_wconf 91' lang='lat' dir='ltr'><strong>p.</strong></span> <span class='ocrx_word' id='word_1_176' title='bbox 359 2635 452 2698; x_wconf 78' lang='lat'><strong>208.”</strong></span> <span class='ocrx_word' id='word_1_177' title='bbox 467 2634 641 2696; x_wconf 84' lang='lat' dir='ltr'><strong>BLOMF.</strong></span> 
     </span>
    </p>

    <p class='ocr_par' dir='ltr' id='par_1_8' title="bbox 190 2731 1290 3320">
     <span class='ocr_line' id='line_1_24' title="bbox 235 2731 1290 2822; baseline -0.002 -21"><span class='ocrx_word' id='word_1_178' title='bbox 235 2738 277 2801; x_wconf 95' lang='lat' dir='ltr'>In</span> <span class='ocrx_word' id='word_1_179' title='bbox 291 2733 483 2822; x_wconf 83' lang='lat' dir='ltr'>exponendis</span> <span class='ocrx_word' id='word_1_180' title='bbox 495 2733 536 2796; x_wconf 90' lang='lat' dir='ltr'>ad</span> <span class='ocrx_word' id='word_1_181' title='bbox 552 2732 696 2819; x_wconf 81' lang='lat' dir='ltr'>AEschyli</span> <span class='ocrx_word' id='word_1_182' title='bbox 711 2731 948 2817; x_wconf 86' lang='lat' dir='ltr'>descriptionem</span> <span class='ocrx_word' id='word_1_183' title='bbox 966 2732 1024 2796; x_wconf 86' lang='lat' dir='ltr'>Ius</span> <span class='ocrx_word' id='word_1_184' title='bbox 1038 2734 1195 2798; x_wconf 87' lang='lat' dir='ltr'>erroribus</span> <span class='ocrx_word' id='word_1_185' title='bbox 1208 2757 1290 2822; x_wconf 85' lang='lat' dir='ltr'>prae·</span> 
     </span>
     <span class='ocr_line' id='line_1_25' title="bbox 190 2833 1290 2924; baseline -0.003 -22"><span class='ocrx_word' id='word_1_186' title='bbox 190 2837 282 2924; x_wconf 83' lang='lat' dir='ltr'>cipue</span> <span class='ocrx_word' id='word_1_187' title='bbox 298 2837 495 2900; x_wconf 78' lang='lat' dir='ltr'>elaborarunt</span> <span class='ocrx_word' id='word_1_188' title='bbox 512 2834 671 2911; x_wconf 89' lang='lat' dir='ltr'>Pauwius,</span> <span class='ocrx_word' id='word_1_189' title='bbox 688 2833 857 2912; x_wconf 87' lang='lat' dir='ltr'>Heathius,</span> <span class='ocrx_word' id='word_1_190' title='bbox 873 2849 905 2897; x_wconf 92' lang='lat' dir='ltr'>et</span> <span class='ocrx_word' id='word_1_191' title='bbox 926 2856 1101 2921; x_wconf 89' lang='lat' dir='ltr'>anonymus</span> <span class='ocrx_word' id='word_1_192' title='bbox 1123 2836 1290 2921; x_wconf 64' lang='lat' dir='ltr'>tragoedia</span> 
     </span>
     <span class='ocr_line' id='line_1_26' title="bbox 191 2934 1289 3023; baseline -0.001 -21"><span class='ocrx_word' id='word_1_193' title='bbox 191 2961 261 3003; x_wconf 92' lang='lat' dir='ltr'>rum</span> <span class='ocrx_word' id='word_1_194' title='bbox 278 2936 422 3023; x_wconf 81' lang='lat' dir='ltr'>AEscbyli</span> <span class='ocrx_word' id='word_1_195' title='bbox 445 2936 597 3022; x_wconf 87' lang='lat' dir='ltr'>interpres</span> <span class='ocrx_word' id='word_1_196' title='bbox 612 2934 725 3000; x_wconf 86' lang='lat' dir='ltr'>Gallus</span> <span class='ocrx_word' id='word_1_197' title='bbox 741 2936 935 3022; x_wconf 70' lang='lat' dir='ltr'>(Trogedi&#39;ea</span> <span class='ocrx_word' id='word_1_198' title='bbox 953 2937 1137 3023; x_wconf 74' lang='lat' dir='ltr'>‹l&#39;Eacllple‚</span> <span class='ocrx_word' id='word_1_199' title='bbox 1155 2943 1174 3002; x_wconf 75' lang='lat' dir='ltr'>a</span> <span class='ocrx_word' id='word_1_200' title='bbox 1189 2937 1289 3001; x_wconf 88' lang='lat' dir='ltr'>Paris.</span> 
     </span>
     <span class='ocr_line' id='line_1_27' title="bbox 194 3037 1288 3128; baseline 0.002 -24"><span class='ocrx_word' id='word_1_201' title='bbox 194 3056 286 3124; x_wconf 87' lang='lat'>1770.</span> <span class='ocrx_word' id='word_1_202' title='bbox 301 3040 355 3122; x_wconf 88' lang='lat'><strong>8.),</strong></span> <span class='ocrx_word' id='word_1_203' title='bbox 368 3039 399 3100; x_wconf 94' lang='lat' dir='ltr'>in</span> <span class='ocrx_word' id='word_1_204' title='bbox 414 3037 586 3124; x_wconf 84' lang='lat' dir='ltr'>appendice</span> <span class='ocrx_word' id='word_1_205' title='bbox 600 3037 640 3100; x_wconf 94' lang='lat' dir='ltr'>de</span> <span class='ocrx_word' id='word_1_206' title='bbox 653 3039 710 3101; x_wconf 92' lang='lat' dir='ltr'>Ius</span> <span class='ocrx_word' id='word_1_207' title='bbox 720 3037 877 3121; x_wconf 79' lang='lat' dir='ltr'>erroribus</span> <span class='ocrx_word' id='word_1_208' title='bbox 888 3038 1019 3103; x_wconf 84' lang='lat' dir='ltr'>versioni</span> <span class='ocrx_word' id='word_1_209' title='bbox 1030 3041 1171 3127; x_wconf 85' lang='lat' dir='ltr'>subjecta</span> <span class='ocrx_word' id='word_1_210' title='bbox 1181 3065 1213 3128; x_wconf 94' lang='lat' dir='ltr'><strong>p.</strong></span> <span class='ocrx_word' id='word_1_211' title='bbox 1223 3061 1288 3126; x_wconf 86' lang='lat'>509</span> 
     </span>
     <span class='ocr_line' id='line_1_28' title="bbox 191 3139 1288 3229; baseline 0.004 -26"><span class='ocrx_word' id='word_1_212' title='bbox 191 3165 278 3228; x_wconf 87' lang='lat' dir='ltr'>seqq.</span> <span class='ocrx_word' id='word_1_213' title='bbox 305 3140 367 3204; x_wconf 91' lang='lat' dir='ltr'>Sed</span> <span class='ocrx_word' id='word_1_214' title='bbox 379 3139 519 3203; x_wconf 91' lang='lat' dir='ltr'>nondum</span> <span class='ocrx_word' id='word_1_215' title='bbox 531 3140 636 3203; x_wconf 88' lang='lat' dir='ltr'>omnia</span> <span class='ocrx_word' id='word_1_216' title='bbox 646 3153 731 3203; x_wconf 90' lang='lat' dir='ltr'>recte</span> <span class='ocrx_word' id='word_1_217' title='bbox 741 3139 979 3225; x_wconf 84' lang='lat' dir='ltr'>expediverunt‚</span> <span class='ocrx_word' id='word_1_218' title='bbox 991 3156 1028 3205; x_wconf 92' lang='lat' dir='ltr'>ut</span> <span class='ocrx_word' id='word_1_219' title='bbox 1037 3165 1142 3228; x_wconf 86' lang='lat' dir='ltr'>operoe</span> <span class='ocrx_word' id='word_1_220' title='bbox 1152 3143 1288 3229; x_wconf 89' lang='lat' dir='ltr'>pretium</span> 
     </span>
     <span class='ocr_line' id='line_1_29' title="bbox 190 3240 1258 3320; baseline 0 -11"><span class='ocrx_word' id='word_1_221' title='bbox 190 3245 332 3309; x_wconf 80' lang='lat' dir='ltr'>facturus</span> <span class='ocrx_word' id='word_1_222' title='bbox 346 3242 422 3307; x_wconf 90' lang='lat' dir='ltr'>milri</span> <span class='ocrx_word' id='word_1_223' title='bbox 438 3242 556 3320; x_wconf 89' lang='lat' dir='ltr'>videar,</span> <span class='ocrx_word' id='word_1_224' title='bbox 572 3243 596 3306; x_wconf 90' lang='lat' dir='ltr'>si</span> <span class='ocrx_word' id='word_1_225' title='bbox 610 3241 703 3307; x_wconf 84' lang='lat' dir='ltr'>telam</span> <span class='ocrx_word' id='word_1_226' title='bbox 719 3240 760 3305; x_wconf 91' lang='lat' dir='ltr'>ab</span> <span class='ocrx_word' id='word_1_227' title='bbox 774 3242 841 3306; x_wconf 91' lang='lat' dir='ltr'>aliis</span> <span class='ocrx_word' id='word_1_228' title='bbox 856 3257 973 3307; x_wconf 77' lang='lat' dir='ltr'>textam</span> <span class='ocrx_word' id='word_1_229' title='bbox 989 3242 1094 3307; x_wconf 91' lang='lat' dir='ltr'>denuo</span> <span class='ocrx_word' id='word_1_230' title='bbox 1108 3259 1258 3309; x_wconf 84' lang='lat' dir='ltr'>retexam.</span> 
     </span>
    </p>

    <p class='ocr_par' dir='ltr' id='par_1_9' title="bbox 191 3344 1291 3936">
     <span class='ocr_line' id='line_1_30' title="bbox 234 3344 1288 3432; baseline -0.001 -22"><span class='ocrx_word' id='word_1_231' title='bbox 234 3349 285 3410; x_wconf 89' lang='lat' dir='ltr'>Ac</span> <span class='ocrx_word' id='word_1_232' title='bbox 300 3345 435 3432; x_wconf 90' lang='lat' dir='ltr'>primum</span> <span class='ocrx_word' id='word_1_233' title='bbox 451 3345 579 3430; x_wconf 91' lang='lat' dir='ltr'>quidem</span> <span class='ocrx_word' id='word_1_234' title='bbox 596 3366 667 3408; x_wconf 90' lang='lat' dir='ltr'>cum</span> <span class='ocrx_word' id='word_1_235' title='bbox 683 3344 829 3408; x_wconf 84' lang='lat' dir='ltr'>omnibus</span> <span class='ocrx_word' id='word_1_236' title='bbox 843 3345 932 3422; x_wconf 84' lang='lat' dir='ltr'>nobis</span> <span class='ocrx_word' id='word_1_237' title='bbox 947 3344 1101 3424; x_wconf 87' lang='lat' dir='ltr'>convenit,</span> <span class='ocrx_word' id='word_1_238' title='bbox 1116 3346 1288 3409; x_wconf 87' lang='lat' dir='ltr'>secundum</span> 
     </span>
     <span class='ocr_line' id='line_1_31' title="bbox 191 3445 1289 3534; baseline -0.002 -21"><span class='ocrx_word' id='word_1_239' title='bbox 191 3447 336 3534; x_wconf 82' lang='lat' dir='ltr'>AEscbyli</span> <span class='ocrx_word' id='word_1_240' title='bbox 351 3447 526 3534; x_wconf 89' lang='lat' dir='ltr'>opinionem</span> <span class='ocrx_word' id='word_1_241' title='bbox 544 3447 583 3510; x_wconf 89' lang='lat'>10</span> <span class='ocrx_word' id='word_1_242' title='bbox 596 3445 698 3532; x_wconf 86' lang='lat' dir='ltr'>patria</span> <span class='ocrx_word' id='word_1_243' title='bbox 713 3445 792 3509; x_wconf 86' lang='lat' dir='ltr'>urbe</span> <span class='ocrx_word' id='word_1_244' title='bbox 806 3445 957 3524; x_wconf 88' lang='lat' dir='ltr'>exsulem,</span> <span class='ocrx_word' id='word_1_245' title='bbox 972 3445 1110 3531; x_wconf 90' lang='lat' dir='ltr'>primum</span> <span class='ocrx_word' id='word_1_246' title='bbox 1130 3446 1169 3510; x_wconf 86' lang='lat' dir='ltr'>ad</span> <span class='ocrx_word' id='word_1_247' title='bbox 1186 3446 1289 3510; x_wconf 88' lang='lat' dir='ltr'>vicum</span> 
     </span>
     <span class='ocr_line' id='line_1_32' title="bbox 193 3546 1291 3634; baseline -0.001 -21"><span class='ocrx_word' id='word_1_248' title='bbox 193 3550 362 3613; x_wconf 71' lang='lat' dir='ltr'>Cenchreae</span> <span class='ocrx_word' id='word_1_249' title='bbox 384 3562 415 3611; x_wconf 90' lang='lat' dir='ltr'>et</span> <span class='ocrx_word' id='word_1_250' title='bbox 436 3547 529 3610; x_wconf 89' lang='lat' dir='ltr'>colles</span> <span class='ocrx_word' id='word_1_251' title='bbox 552 3548 665 3610; x_wconf 82' lang='lat' dir='ltr'>Lernae</span> <span class='ocrx_word' id='word_1_252' title='bbox 687 3546 882 3611; x_wconf 88' lang='lat' dir='ltr'>imminentes</span> <span class='ocrx_word' id='word_1_253' title='bbox 905 3551 951 3631; x_wconf 91' lang='lat' dir='ltr'><strong>(v.</strong></span> <span class='ocrx_word' id='word_1_254' title='bbox 971 3550 1044 3629; x_wconf 91' lang='lat'><strong>676.</strong></span> <span class='ocrx_word' id='word_1_255' title='bbox 1068 3551 1159 3630; x_wconf 88' lang='lat'>677.)</span> <span class='ocrx_word' id='word_1_256' title='bbox 1181 3571 1291 3634; x_wconf 88' lang='lat' dir='ltr'>perve-</span> 
     </span>
     <span class='ocr_line' id='line_1_33' title="bbox 191 3646 1289 3736; baseline -0.001 -22"><span class='ocrx_word' id='word_1_257' title='bbox 191 3650 281 3727; x_wconf 87' lang='lat' dir='ltr'>nisse,</span> <span class='ocrx_word' id='word_1_258' title='bbox 292 3648 406 3713; x_wconf 90' lang='lat' dir='ltr'>deinde</span> <span class='ocrx_word' id='word_1_259' title='bbox 416 3671 472 3734; x_wconf 88' lang='lat' dir='ltr'>per</span> <span class='ocrx_word' id='word_1_260' title='bbox 484 3646 695 3711; x_wconf 84' lang='lat' dir='ltr'>Molossorum</span> <span class='ocrx_word' id='word_1_261' title='bbox 709 3648 866 3733; x_wconf 87' lang='lat' dir='ltr'>regionem</span> <span class='ocrx_word' id='word_1_262' title='bbox 881 3649 921 3712; x_wconf 87' lang='lat' dir='ltr'>ad</span> <span class='ocrx_word' id='word_1_263' title='bbox 934 3649 1101 3714; x_wconf 88' lang='lat' dir='ltr'>Dodonam</span> <span class='ocrx_word' id='word_1_264' title='bbox 1117 3649 1289 3736; x_wconf 86' lang='lat' dir='ltr'>profectam</span> 
     </span>
     <span class='ocr_line' id='line_1_34' title="bbox 191 3748 1290 3838; baseline -0.002 -22"><span class='ocrx_word' id='word_1_265' title='bbox 191 3775 256 3816; x_wconf 87' lang='lat' dir='ltr'>esse</span> <span class='ocrx_word' id='word_1_266' title='bbox 273 3753 359 3834; x_wconf 83' lang='lat'><strong>(829.</strong></span> <span class='ocrx_word' id='word_1_267' title='bbox 375 3753 434 3833; x_wconf 86' lang='lat' dir='ltr'>sq.)</span> <span class='ocrx_word' id='word_1_268' title='bbox 482 3750 562 3811; x_wconf 77' lang='lat' dir='ltr'>Haec</span> <span class='ocrx_word' id='word_1_269' title='bbox 584 3748 665 3811; x_wconf 90' lang='lat' dir='ltr'>enim</span> <span class='ocrx_word' id='word_1_270' title='bbox 688 3748 733 3813; x_wconf 86' lang='lat' dir='ltr'>ita</span> <span class='ocrx_word' id='word_1_271' title='bbox 753 3749 844 3814; x_wconf 88' lang='lat' dir='ltr'>claris</span> <span class='ocrx_word' id='word_1_272' title='bbox 858 3751 962 3815; x_wconf 87' lang='lat' dir='ltr'>verbis</span> <span class='ocrx_word' id='word_1_273' title='bbox 983 3765 1115 3815; x_wconf 84' lang='lat' dir='ltr'>testatur</span> <span class='ocrx_word' id='word_1_274' title='bbox 1134 3767 1237 3838; x_wconf 89' lang='lat' dir='ltr'>poeta,</span> <span class='ocrx_word' id='word_1_275' title='bbox 1253 3766 1290 3814; x_wconf 90' lang='lat' dir='ltr'>ut</span> 
     </span>
     <span class='ocr_line' id='line_1_35' title="bbox 191 3848 690 3936; baseline -0.006 -22"><span class='ocrx_word' id='word_1_276' title='bbox 191 3850 379 3936; x_wconf 84' lang='lat' dir='ltr'>ambiguitas</span> <span class='ocrx_word' id='word_1_277' title='bbox 393 3849 491 3912; x_wconf 87' lang='lat' dir='ltr'>inesse</span> <span class='ocrx_word' id='word_1_278' title='bbox 506 3870 568 3911; x_wconf 95' lang='lat' dir='ltr'>non</span> <span class='ocrx_word' id='word_1_279' title='bbox 583 3848 690 3934; x_wconf 87' lang='lat' dir='ltr'>possit.</span> 
     </span>
    </p>

    <p class='ocr_par' dir='ltr' id='par_1_10' title="bbox 235 3949 606 4015">
     <span class='ocr_line' id='line_1_36' title="bbox 235 3949 606 4015; baseline -0.011 1"><span class='ocrx_word' id='word_1_280' title='bbox 235 3954 326 4015; x_wconf 86' lang='lat' dir='ltr'>Cum</span> <span class='ocrx_word' id='word_1_281' title='bbox 336 3973 409 4013; x_wconf 88' lang='lat' dir='ltr'>vcro</span> <span class='ocrx_word' id='word_1_282' title='bbox 423 3949 471 4013; x_wconf 89' lang='lat' dir='ltr'>his</span> <span class='ocrx_word' id='word_1_283' title='bbox 485 3949 606 4013; x_wconf 86' lang='lat' dir='ltr'>verbis:</span> 
     </span>
    </p>
   </div>
   <div class='ocr_carea' id='block_1_3' title="bbox 319 4097 989 4286">
    <p class='ocr_par' dir='ltr' id='par_1_11' title="bbox 319 4097 989 4286">
     <span class='ocr_line' id='line_1_37' title="bbox 319 4097 926 4183; baseline 0.007 -21"><span class='ocrx_word' id='word_1_284' title='bbox 319 4097 479 4163; x_wconf 78' lang='grc' dir='ltr'>Ἐντεῦθεν</span> <span class='ocrx_word' id='word_1_285' title='bbox 493 4099 680 4181; x_wconf 75' lang='grc' dir='ltr'>οἰστρήσασα</span> <span class='ocrx_word' id='word_1_286' title='bbox 693 4101 748 4179; x_wconf 74' lang='grc' dir='ltr'>τὴν</span> <span class='ocrx_word' id='word_1_287' title='bbox 761 4104 926 4183; x_wconf 79' lang='grc' dir='ltr'>παρακτίαν</span> 
     </span>
     <span class='ocr_line' id='line_1_38' title="bbox 322 4197 989 4286; baseline 0.012 -24"><span class='ocrx_word' id='word_1_288' title='bbox 322 4199 475 4264; x_wconf 83' lang='grc' dir='ltr'>Κέλευθον</span> <span class='ocrx_word' id='word_1_289' title='bbox 487 4197 561 4286; x_wconf 75' lang='grc' dir='ltr'>ᾖξας</span> <span class='ocrx_word' id='word_1_290' title='bbox 574 4201 649 4282; x_wconf 88' lang='grc' dir='ltr'>πρὸς</span> <span class='ocrx_word' id='word_1_291' title='bbox 661 4202 760 4284; x_wconf 80' lang='grc' dir='ltr'>μέγαν</span> <span class='ocrx_word' id='word_1_292' title='bbox 776 4205 888 4267; x_wconf 85' lang='grc' dir='ltr'>κάλπον</span> <span class='ocrx_word' id='word_1_293' title='bbox 902 4201 989 4270; x_wconf 88' lang='grc' dir='ltr'>Ῥέας</span> 
     </span>
    </p>
   </div>
   <div class='ocr_carea' id='block_1_4' title="bbox 192 4347 1290 4543">
    <p class='ocr_par' dir='ltr' id='par_1_12' title="bbox 192 4347 1290 4543">
     <span class='ocr_line' id='line_1_39' title="bbox 193 4347 1289 4442; baseline 0.005 -30"><span class='ocrx_word' id='word_1_294' title='bbox 193 4349 232 4412; x_wconf 93' lang='lat' dir='ltr'>Io</span> <span class='ocrx_word' id='word_1_295' title='bbox 247 4347 334 4411; x_wconf 90' lang='lat' dir='ltr'>littus</span> <span class='ocrx_word' id='word_1_296' title='bbox 348 4347 457 4434; x_wconf 85' lang='lat' dir='ltr'>legisse</span> <span class='ocrx_word' id='word_1_297' title='bbox 471 4363 503 4413; x_wconf 89' lang='lat' dir='ltr'>et</span> <span class='ocrx_word' id='word_1_298' title='bbox 516 4351 557 4415; x_wconf 85' lang='lat' dir='ltr'>ad</span> <span class='ocrx_word' id='word_1_299' title='bbox 573 4373 722 4438; x_wconf 87' lang='lat' dir='ltr'>magnum</span> <span class='ocrx_word' id='word_1_300' title='bbox 739 4352 840 4417; x_wconf 85' lang='lat' dir='ltr'>Rbeae</span> <span class='ocrx_word' id='word_1_301' title='bbox 854 4353 956 4417; x_wconf 85' lang='lat' dir='ltr'>sinum</span> <span class='ocrx_word' id='word_1_302' title='bbox 972 4357 1149 4442; x_wconf 82' lang='lat' dir='ltr'>pervenisse</span> <span class='ocrx_word' id='word_1_303' title='bbox 1162 4356 1289 4433; x_wconf 88' lang='lat' dir='ltr'>dicitur,</span> 
     </span>
     <span class='ocr_line' id='line_1_40' title="bbox 192 4448 1290 4543; baseline 0.009 -31"><span class='ocrx_word' id='word_1_304' title='bbox 192 4448 223 4513; x_wconf 92' lang='lat' dir='ltr'>in</span> <span class='ocrx_word' id='word_1_305' title='bbox 239 4448 296 4512; x_wconf 84' lang='lat' dir='ltr'>hac</span> <span class='ocrx_word' id='word_1_306' title='bbox 310 4465 400 4533; x_wconf 87' lang='lat' dir='ltr'>parte</span> <span class='ocrx_word' id='word_1_307' title='bbox 412 4450 529 4515; x_wconf 89' lang='lat' dir='ltr'>itineris</span> <span class='ocrx_word' id='word_1_308' title='bbox 540 4452 716 4516; x_wconf 84' lang='lat' dir='ltr'>definienda</span> <span class='ocrx_word' id='word_1_309' title='bbox 726 4453 912 4519; x_wconf 85' lang='lat' dir='ltr'>dissentiunt</span> <span class='ocrx_word' id='word_1_310' title='bbox 924 4454 1118 4543; x_wconf 87' lang='lat' dir='ltr'>interpretes.</span> <span class='ocrx_word' id='word_1_311' title='bbox 1142 4459 1290 4523; x_wconf 81' lang='lat' dir='ltr'>Pauwius</span> 
     </span>
    </p>
   </div>
   <div class='ocr_carea' id='block_1_5' title="bbox 0 0 1497 5062">
    <p class='ocr_par' dir='ltr' id='par_1_13' title="bbox 0 0 1497 5062">
     <span class='ocr_line' id='line_1_41' title="bbox 0 0 1497 5062; baseline 0 0"><span class='ocrx_word' id='word_1_312' title='bbox 0 0 1497 5062; x_wconf 95' lang='lat' dir='ltr'> </span> 
     </span>
    </p>
   </div>
  </div>
 </body>
</html>
