2978 5062
324 351 393 415 AD
416 350 608 415 SEPTEM
630 348 880 414 ADVERSUS
903 349 1105 414 THEBAS.
1201 349 1267 419 198l

168 519 235 582 dar.
267 521 359 585 Nem.
383 539 412 598 1,
441 521 497 606 53.
534 516 720 603 σπλάγχνων
748 517 806 582 ὑπὸ
842 518 1103 601 ματέρας-ὠδῖνα
1134 518 1266 601 φεύγων.

169 621 280 686 AEsch.
312 623 449 686 Eumen.
479 620 553 686 668.
590 619 661 685 Οὐδ’
696 623 730 685 έν
761 620 896 683 σκότοισι
932 621 1035 699 νηδύος
1070 619 1266 702 τεθραμμένη.

170 723 405 786 ABRESCH.

213 826 287 888 666.
311 825 463 908 συλλογῇ]
490 821 590 887 Scrib.
617 827 750 910 ξυλλογῇ
774 846 814 887 ex
841 824 903 901 M.‚
926 822 958 886 in
985 847 1050 909 quo
1075 824 1266 912 superscrip-

170 940 287 1108 luldhi.
311 1028 466 1110 προσεῖδε]
483 1032 629 1106 προσεῖπε
650 1025 731 1090 libri.
753 1031 893 1108 προσεῖδε
914 1025 945 1089 in
970 1027 1142 1091 scholiastae
1163 1050 1267 1092 exem·

170 1134 250 1221 plari
271 1133 424 1198 exstitisse
439 1149 544 1199 monet
559 1133 741 1200 Markland.
757 1135 797 1199 ad
814 1135 929 1223 Eurip.
946 1136 1057 1223 Suppl.
1074 1137 1147 1221 958.
1194 1136 1267 1201 Fir·

171 1253 274 1301 matur
288 1252 393 1301 autem
408 1259 428 1300 a
443 1236 602 1300 Prometh.
619 1254 694 1321 223.
710 1238 763 1301 οθκ
780 1239 912 1317 ἠξίωσαν
930 1239 998 1302 οὐδὲ
1017 1239 1216 1322 προσβλέψαι
1232 1239 1267 1303 τὸ

170 1344 242 1403 πῶν.
287 1338 353 1402 Viri
376 1337 460 1402 docti
484 1337 581 1402 citant
603 1337 783 1403 Callimach.
811 1342 857 1404 H.
881 1338 990 1425 Apoll.
1009 1356 1064 1424 51.
1086 1339 1181 1404 Dian.
1198 1359 1267 1426 129.

172 1442 283 1528 Epigr.
301 1461 352 1508 22.
376 1441 536 1505 Theocrit.
555 1463 585 1524 9,
605 1458 659 1526 35.
683 1441 814 1506 Hesiod.
838 1442 962 1528 Theog.
982 1462 1033 1525 91.
1057 1443 1171 1507 Horat.
1186 1464 1220 1524 4,
1238 1462 1268 1509 2.

173 1543 271 1607 Addo
288 1542 394 1607 Nostri
408 1544 526 1629 Agam.
542 1562 614 1628 953.
634 1543 688 1606 τὸν
705 1549 868 1625 κρατοῦντα
883 1548 1042 1622 μαλθακῶς
1057 1545 1139 1611 Θεδς
1152 1546 1270 1626 πρόσω-

173 1650 226 1709 θεν
240 1646 368 1725 εὐμενῶς
380 1646 602 1728 προσδέρκεται.
617 1644 798 1709 Callimach.
814 1668 865 1731 ap.
882 1644 1023 1732 Etymol.
1040 1646 1090 1708 M.
1106 1668 1180 1732 pag.
1193 1661 1270 1729 572,

172 1749 224 1832 36.
241 1750 339 1834 (θεὸς)
355 1750 437 1816 ὅστις
454 1751 592 1830 θλίτρους
607 1747 752 1830 Αθγάζειν
767 1753 907 1829 καθαραῖς
928 1749 964 1811 οὐ
985 1749 1107 1812 δύναται
1127 1747 1268 1830 λοχθσιν.

174 1850 262 1936 Lege
280 1850 420 1932 λογάσιν.
436 1848 625 1936 Alciphron.
644 1850 708 1935 Ep.
725 1869 755 1926 1,
771 1852 823 1933 36.
844 1849 897 1912 ubi
917 1847 979 1911 vid.
1003 1847 1142 1931 Bergler.
1164 1848 1215 1912 Id.
1234 1868 1269 1934 3,

172 1969 226 2030 44.
242 1949 330 2037 Virg.
346 1953 464 2038 Georg.
480 1972 508 2030 1,
521 1954 572 2036 96.
591 1953 704 2014 Horat.
721 1953 759 2015 C.
774 1969 803 2029 2,
819 1965 930 2032 17,17.
951 1949 1003 2014 cf.
1020 1947 1213 2015 Valckenaer.
1228 1952 1270 2016 ad

174 2051 289 2139 Eurip.
306 2050 440 2138 Hippol.
456 2073 548 2139 1339.
564 2052 736 2116 Ruhnken.
752 2053 817 2137 Ep.
834 2051 912 2115 Crit.
929 2069 958 2115 2.
974 2072 1006 2136 p.
1019 2050 1090 2131 146.
1117 2053 1269 2116 Attamen

174 2153 299 2217 delendi
323 2154 419 2240 possit
445 2153 535 2217 lectio
560 2154 706 2240 vulgata:
739 2153 801 2217 vid.
827 2151 1008 2217 Markland.
1030 2151 1052 2217 l.
1066 2175 1093 2216 c.
1113 2168 1144 2216 et
1170 2152 1271 2240 adjice

175 2255 324 2341 Thucyd.
340 2259 371 2318 6.
388 2259 437 2320 16.
452 2255 626 2320 Theodect.
641 2279 692 2342 ap.
710 2257 844 2319 Aristot.
861 2253 931 2319 Pol.
951 2275 978 2333 1,
993 2276 1025 2334 4.
1046 2257 1101 2322 Τίς
1120 2255 1158 2319 δν
1175 2282 1268 2338 προο-

174 2364 269 2423 ειπεῖν
284 2359 439 2436 ὀξιῶσειεν
452 2357 557 2440 λάτριν
570 2386 577 2432 ;
603 2358 778 2422 BLOMF.

216 2461 291 2524 668.
307 2459 379 2544 οὔτ’]
398 2459 458 2524 οὐδ’
474 2462 560 2525 Α.Β.
575 2473 607 2524 et
620 2460 685 2525 duo
698 2459 761 2523 alii.

217 2565 291 2648 673.
312 2567 432 2642 μᾶλλον
448 2560 651 2647 ἐνδικώτερος]
667 2561 858 2648 Apollonius
872 2561 1108 2625 Alexandrinus
1131 2563 1222 2648 Synt.
1240 2582 1267 2640 1,

176 2665 226 2728 28.
244 2687 263 2728 a
281 2662 432 2749 Berglero
452 2663 493 2727 ad
514 2663 658 2749 Alciphr.
678 2687 709 2750 p.
727 2665 801 2728 218.
824 2664 955 2736 citatus;
980 2666 1062 2728 ἀλλὰ
1084 2665 1132 2728 καὶ
1155 2667 1189 2728 έν
1210 2670 1272 2732 τοῖς

175 2773 371 2848 συγκριτικοῖς
386 2769 516 2848 έγκεῖται
526 2768 561 2831 τδ
574 2772 703 2846 μᾶλλον·
727 2767 774 2830 καὶ
785 2764 931 2832 πολλάκις
943 2764 1272 2846 σνμπαραλαμβάνεται

175 2867 255 2946 virori
268 2873 387 2946 μᾶλλον
398 2869 544 2946 σύνταξις·
566 2866 710 2948 Ῥηῖτεροι
723 2872 781 2949 γδρ
792 2872 912 2947 μᾶλλον
921 2865 1091 2949 Ἀχαιοῖσιν
1102 2868 1138 2946 δὴ
1150 2868 1270 2931 ἔσεσθε.

176 2967 286 3050 (Iliad.
302 2974 343 3031 Ω.
360 2969 449 3052 243.)
471 2970 586 3032 Noster
609 2971 721 3056 Suppl.
738 2970 810 3052 287.
833 2974 953 3048 μῖιλλον
968 2968 1191 3052 ἐμφερέστεραι.
1216 2971 1272 3034 So-

173 3069 277 3157 phocl.
292 3069 406 3154 Antig.
421 3088 512 3133 1210.
526 3074 646 3149 μᾶλλον
660 3071 768 3136 ἆσσον.
784 3071 899 3157 Eurip.
916 3069 1041 3134 Hecub.
1058 3071 1133 3155 381.
1153 3077 1272 3151 μᾶλλον

176 3171 397 3254 εὐτυχέστερος.
411 3169 545 3257 ΗίρροΙ.
555 3172 631 3252 486.
644 3173 734 3253 (487.
746 3171 794 3235 cd.
808 3171 920 3236 Monk.
932 3173 1024 3257 cujus
1035 3187 1139 3234 notam
1152 3171 1270 3253 adeas.)

174 3276 294 3350 μᾶλλον
308 3272 432 3353 ἀλγέων.
462 3270 548 3335 Mire
562 3270 642 3336 dixit
658 3272 783 3359 Iophon
796 3295 846 3359 ap.
864 3273 952 3336 Stob.
967 3271 1037 3335 Ecl.
1053 3295 1084 3357 p.
1105 3288 1175 3355 173.
1197 3278 1272 3352 μῖιλ-

175 3381 232 3437 λον
250 3373 358 3453 ἧσσον.
403 3374 474 3437 Has
494 3388 597 3436 tamen
614 3395 704 3437 voces
723 3373 886 3458 conjunxit
899 3373 991 3436 etiam
1008 3374 1158 3459 Thucyd.
1175 3391 1203 3453 7,
1221 3392 1271 3458 29.

175 3475 230 3538 fin.
251 3474 304 3539 ubi
327 3473 391 3539 vid.
407 3475 528 3538 Duker.
571 3474 619 3538 Cf.
639 3474 755 3537 Thom.
776 3474 907 3560 Magist.
926 3497 959 3561 p.
978 3477 1052 3559 596.
1076 3477 1206 3539 Porson.
1229 3475 1271 3540 ad

176 3577 289 3664 Eurip.
306 3577 431 3641 Hecub.
447 3579 520 3659 624
544 3578 720 3642 BLOMF.

219 3680 294 3762 675.
311 3678 379 3763 σὺν]
394 3679 447 3757 ξὺν
461 3699 533 3742 cum
549 3677 718 3743 Brunckio.

219 3781 292 3861 676.
316 3780 439 3863 αἰχμὴν]
457 3783 566 3863 αἰχμῆς
582 3780 702 3867 aliquot
723 3779 814 3844 codd.
838 3780 918 3844 inter
939 3802 1019 3865 quos
1042 3780 1092 3843 M.
1114 3778 1154 3842 ad
1176 3800 1273 3864 quant

176 3881 361 3967 scripturam
384 3879 612 3945 defendendam
636 3880 712 3944 nihil
734 3880 863 3944 mnfert.
908 3879 1038 3944 Alcaeus
1051 3880 1137 3967 apud
1152 3879 1273 3945 Athen.

180 4001 229 4062 14.
245 4003 275 4067 p.
292 3983 353 4064 627
373 3983 410 4045 B.
426 4005 446 4045 a
461 3980 648 4044 Blomfieldo
661 3996 869 4068 comparatus,
884 3984 1018 4063 λαμπραὶ
1033 3985 1169 4062 κναμίδες
1185 3984 1274 4063 ἄρκος

177 4084 288 4164 ἰσχυρῶ
301 4082 423 4162 βέλευς.

219 4182 350 4268 πετρῶν]
366 4189 481 4265 πτερῶν
495 4183 615 4270 aliquot
629 4183 722 4247 codd.
737 4199 767 4246 et
784 4183 868 4248 Rob.
914 4184 1008 4262 Quod
1026 4184 1067 4248 de
1086 4185 1206 4271 sagittis
1225 4184 1273 4250 in-

177 4281 290 4369 telligit
304 4282 468 4348 scholiasta
481 4284 643 4362 recentior,
658 4285 713 4370 qui
730 4301 895 4371 utramque
910 4285 1094 4373 scripturam
1112 4303 1274 4352 memorat.

179 4383 289 4448 Verbis
316 4400 421 4449 autem
450 4392 566 4467 πετρῶν
593 4386 794 4468 προβλήματα
820 4383 966 4472 clypeum
998 4386 1163 4474 significari
1192 4403 1291 4454 recte-
