2978 5062
187 340 255 404 280
552 339 931 405 ANNOTATIONES

234 511 309 594 567.
324 510 485 592 δυσχίμους
499 506 671 573 Arnaldus.
695 509 906 593 δυσχειμέρους
923 505 1005 572 libri.
1050 507 1101 571 De
1122 504 1178 571 illo
1192 503 1303 593 adjec-

191 612 257 679 tivo
271 634 300 675 v.
316 609 428 675 Elmsl.
444 610 484 674 ad
500 610 615 697 Eurip.
632 610 747 674 Bacch.
762 629 813 696 15.

235 714 309 798 568.
332 711 528 798 πρωτόμοροι]
550 715 652 777 Prius
659 715 741 798 sitio
753 714 879 799 structi.
919 710 1170 799 Distinguuntur
1192 709 1216 773 ii
1239 710 1302 797 qui

192 815 224 881 iu
254 814 364 902 praelio
389 814 490 878 navali
517 814 692 879 occiderant
721 814 762 878 ab
787 813 853 878 istis
876 813 932 900 qui
960 814 991 878 in
1020 815 1098 901 fuga
1121 812 1302 901 perierunt.

194 920 369 983 BLOMF.

237 1022 273 1100 δὴ
287 1020 410 1085 addidit
425 1019 591 1083 Heathius.

236 1127 312 1209 569.
327 1122 504 1205 λειφθέντες
518 1124 567 1185 Μ.
583 1121 698 1208 aliique
712 1121 854 1186 nonnulli
868 1136 900 1186 et
914 1121 998 1186 Rob.
1020 1119 1190 1202 ληφθέντες
1203 1117 1303 1207 pleri-

195 1251 258 1315 que
272 1249 343 1290 cum
359 1224 437 1290 Ald.
477 1225 528 1287 De
543 1238 677 1310 utraque
689 1223 842 1311 scriptura
856 1223 937 1288 dixit
951 1221 1124 1287 scholiasta.

238 1331 286 1415 ἠὲ]
302 1332 353 1394 De
369 1329 425 1392 hac
440 1327 653 1414 interjectione
667 1325 805 1390 diximus
818 1325 858 1390 ad
876 1327 965 1413 Sept.
979 1327 1053 1408 966.

238 1451 313 1516 570.
331 1433 438 1497 Ἀκτάς
453 1432 529 1511 ἀμφὶ
546 1429 702 1514 Κυχρείας]
725 1428 834 1515 Steph.
851 1429 930 1516 Byz.
947 1433 1092 1510 Κνχρεῖος
1106 1424 1213 1509 πάγος,
1226 1428 1302 1508 περὶ

196 1538 364 1612 Σαλαμῖνα.
390 1535 548 1613 Σοφοκλῆς
569 1533 698 1616 Τεύκρῳ.
723 1531 782 1595 ἀπὸ
808 1531 949 1615 Κυχρέως
973 1535 1025 1594 τοῦ
1051 1535 1223 1610 Σαλαμῖνος
1249 1531 1302 1593 καὶ

196 1639 397 1701 Ποσειδῶνος.
421 1633 472 1696 Cs.
489 1632 633 1696 Strabon.
646 1653 677 1717 9.
694 1656 725 1719 p.
737 1654 811 1719 393.
825 1636 937 1697 Tzetz.
951 1632 991 1696 ad
1008 1655 1038 1695 v.
1050 1637 1195 1715 Κυχρεῖος
1208 1631 1302 1717 apud

196 1736 358 1825 Lycophr.
373 1753 448 1819 452.
467 1735 827 1817 Κνχρεὺς-ἐβασίλευσε
849 1736 1049 1816 Σαλαμινίων,
1066 1735 1105 1802 ὥς
1126 1742 1223 1816 φησιν
1237 1737 1301 1800 Εὐ-

196 1840 311 1922 φορίων
331 1839 364 1902 ἐν
380 1836 595 1917 Ἱππομέδοντι,
610 1842 701 1904 Τοῖος
718 1842 776 1920 γὰρ
796 1843 943 1922 Κυχρεῖος
965 1839 1010 1902 ἐνὶ
1028 1841 1112 1920 ψαρῇ
1137 1843 1301 1918 Σαλαμῖνι.

197 1947 370 2013 BLOMF.
408 1935 621 2031 ἀμφικυγῖρείας
636 1948 684 2010 Μ.
708 1948 785 2029 ἀμφὶ
800 1949 932 2028 Κυπρίας
947 1946 1031 2011 Rob.
1055 1945 1204 2010 Aliorum
1219 1969 1303 2032 quo-

196 2049 329 2114 rundam
346 2048 495 2112 librorum
508 2047 694 2134 oorruptelae
707 2063 781 2113 sunt
793 2050 938 2132 κεχρείας,
950 2050 1116 2132 κνγχρείας,
1130 2050 1300 2132 κεγχρεόας,

197 2151 283 2240 quod
299 2165 346 2215 est
359 2150 392 2214 in
408 2149 499 2229 Ald.‚
515 2153 675 2233 κιγχρείας.

241 2253 290 2337 do]
306 2255 343 2317 όᾶ
359 2253 409 2315 Μ.

241 2371 315 2439 571.
333 2355 494 2418 Lacunam
509 2355 656 2420 indicavit
674 2357 837 2420 Canterus.
865 2352 1064 2418 Exciderunt
1079 2352 1208 2440 syllabae
1222 2367 1300 2432 tres,

198 2479 272 2544 quae
297 2457 420 2520 molossi
447 2480 624 2521 mensuram
655 2457 843 2522 habuerunt.
883 2456 1031 2537 ἔρρανται,
1060 2455 1148 2543 quod
1177 2456 1303 2520 codices

199 2558 290 2622 multi
313 2581 345 2623 v.
368 2560 442 2643 580.
466 2573 538 2644 post
560 2561 681 2626 ἄπαιδες
703 2558 854 2635 inferunt,
877 2557 941 2621 huc
965 2556 1073 2621 retulit
1095 2559 1303 2622 Hermannus

201 2661 318 2748 Opusc.
346 2660 407 2725 vol.
434 2679 465 2725 2.
489 2683 521 2747 p.
545 2661 596 2726 82.
622 2659 821 2724 memorabile
850 2659 910 2723 hoc
938 2682 1004 2722 esse
1033 2681 1162 2723 monens
1188 2660 1303 2726 formoe

197 2762 320 2826 numeri
342 2761 473 2850 pluralis
494 2761 685 2848 exemplum,
703 2761 743 2825 de
765 2785 829 2848 qua
850 2760 965 2847 injuria
983 2760 1144 2825 dubitasse
1164 2761 1304 2826 Sehaefe·

198 2888 269 2928 rum
292 2864 332 2927 ad
356 2864 487 2949 Dionys.
511 2863 552 2927 de
573 2886 709 2948 compos.
725 2863 810 2928 verb.
833 2887 866 2950 p.
881 2879 956 2949 355.
972 2863 1058 2927 etad
1080 2861 1175 2928 schol.
1191 2863 1303 2952 Apoll.

200 2966 266 3030 Rh.
283 2966 346 3029 vol.
358 2983 387 3028 2.
402 2986 433 3046 p.
449 2965 521 3028 208.

242 3086 318 3152 572.
334 3067 507 3150 ἀμβόασον]
525 3066 682 3144 ἀμβόησον
697 3064 762 3128 duo
776 3065 867 3129 codd.
883 3081 915 3131 et
930 3065 1008 3130 Ald.
1026 3067 1130 3131 Turn.

242 3188 317 3255 573.
332 3166 441 3250 οὐράνι’
458 3167 529 3251 ἀχη]
544 3167 799 3231 Lumnlationea
812 3168 856 3232 ad
866 3169 977 3232 coelum
990 3169 1130 3233 οιιόῑαθαι.
1166 3170 1220 3233 Ita
1234 3192 1305 3234 ver·

199 3287 274 3338 tunt
287 3271 479 3357 interpretes.
504 3266 616 3354 Suppl.
628 3268 700 3353 805.
712 3267 789 3347 Ἰυζε
805 3268 829 3333 δ’
842 3272 953 3351 ὀμφὰν,
967 3269 1089 3351 οθράνια
1102 3271 1183 3352 μέλη
1192 3272 1305 3336 λίτανιι

201 3381 306 3440 θεοῖσι.
330 3371 495 3458 Aristoph.
512 3373 596 3434 Ran.
614 3390 685 3455 793.
702 3374 718 3435 ὁ
734 3371 824 3450 δῆμος
839 3372 962 3451 ἀνεβόα.
996 3375 1032 3439 Ξ.
1046 3371 1086 3437 ‘0
1102 3379 1161 3437 τῶν
1174 3376 1305 3456 πανούρ-

201 3504 282 3558 γων;
307 3482 343 3541 Α.
365 3475 401 3554 νὴ
425 3473 486 3548 Δί’,
509 3473 648 3554 οὐράνιόν
669 3474 697 3555 γ’
716 3475 801 3536 ὅσον.
840 3474 922 3537 Haec
942 3487 1044 3538 tamen
1068 3474 1145 3553 loca,
1165 3497 1240 3561 quae
1261 3474 1305 3540 ad

201 3577 286 3641 hunc
312 3597 435 3640 sensum
466 3572 634 3637 tutandum
664 3572 797 3659 proferri
821 3572 1007 3658 potuissent,
1030 3572 1157 3637 minime
1181 3574 1306 3641 faciunt

200 3677 371 3764 quominus
392 3690 500 3763 putem
524 3696 628 3738 veram
653 3673 939 3761 interpretationem
963 3675 1069 3762 potius
1089 3699 1155 3740 esse
1174 3677 1305 3741 calanti-

200 3790 281 3845 ναίον
295 3781 415 3844 colum
430 3779 598 3840 immissos.
643 3776 733 3839 Infra
745 3777 821 3859 587.
838 3776 962 3855 δαιμόνι’
978 3779 1237 3860 ἄχη-δυρόμενοι
1250 3779 1304 3862 γέ.

201 3908 315 3965 povres.
348 3877 494 3966 Sophocl.
517 3878 608 3964 Ajac.
634 3897 707 3962 195.
731 3879 806 3943 ἀταν
829 3881 978 3960 οὐρανίαν.
1003 3879 1057 3945 ubi
1080 3879 1174 3944 schol.
1195 3881 1250 3961 τὴν
1271 3884 1326 3962 ἐξ’

201 3984 330 4065 οὐρανοῦ
356 3985 556 4062 πεμφθεῖσαν.
595 3979 634 4041 [11
661 3978 772 4066 Antig.
797 3982 873 4060 418.
899 3981 1037 4062 οὐράνιον
1065 3983 1140 4064 ἀχος
1168 3981 1306 4048 absurde

203 4100 274 4172 post
289 4082 485 4169 Hesychium
509 4095 541 4145 et
559 4080 708 4143 Photium
726 4081 783 4145 viri
799 4081 882 4146 docti
893 4082 1072 4170 intelligunt
1084 4085 1247 4170 pulverem
1261 4086 1308 4150 ud

200 4188 313 4250 coelnm
327 4185 496 4261 νιιάθονιιυι,
511 4204 611 4268 quum
626 4181 667 4245 sit
680 4181 845 4248 suhamitae
859 4185 1016 4249 divinitus
1030 4195 1111 4250 orto.
1127 4187 1305 4252 BLOMF.

246 4301 320 4369 575.
338 4281 590 4348 Met1·un1o-'-
610 4281 615 4368 Ι
634 4279 800 4345 υ-ὐ--

196 4476 198 4480 ¹
245 4389 321 4470 576.
343 4385 554 4471 γναπτόμενοι]
578 4387 712 4449 Praestat
727 4389 933 4467 κναπτόμενοι,
950 4388 989 4452 de
1004 4413 1069 4476 quo
1083 4389 1150 4453 dixi
1169 4389 1201 4453 in
1218 4388 1307 4453 The-

204 4510 297 4553 sauro
322 4487 472 4573 Stephani
498 4510 522 4551 s.
549 4510 578 4549 v.
610 4485 749 4554 Κνάπτοι.
789 4490 936 4557 Ceterum
966 4493 1166 4572 γναπτόμενοι
1194 4512 1234 4554 ex
1261 4492 1305 4555 A.
