2978 5062
513 375 581 437 AD
604 370 962 437 PROMETHEUM.
1246 365 1287 438 45

189 536 379 622 affigeretur,
402 540 600 604 Oceanitides
621 562 794 626 earumque
819 553 910 625 pater
931 538 1076 600 Oceanus
1094 533 1179 597 fama
1197 531 1287 596 audi-

191 655 290 718 erant,
313 663 450 726 quonam
481 642 635 728 supplicio
662 641 744 728 ignis
772 639 937 704 divisorem
963 635 1093 723 Jupiter
1120 634 1289 698 effecturus

191 756 280 804 esset.
326 743 441 828 Itaque
457 766 557 828 quum
576 744 643 829 jarn
666 743 823 829 ingentem
847 741 1104 803 ferramentorum
1124 733 1289 799 stridorem

190 841 372 920 audiissent,
387 843 458 907 ilico
474 845 695 908 Prometheum
712 867 731 906 a
747 842 888 907 Vulcano
902 840 968 926 jam
983 837 1067 923 affigi
1081 835 1288 921 colligebant;

189 941 323 1028 ideoque
352 944 562 1008 misericordia
587 943 740 1031 compulsi
768 942 951 1029 virff'nalem
977 939 1130 1027 pudorem
1155 936 1292 1001 excutie-

192 1043 279 1123 bant,
295 1060 491 1132 patremque,
507 1060 543 1110 ut
558 1046 616 1109 sibi
632 1046 778 1109 miserum
794 1058 965 1131 cognatum
976 1043 1074 1106 visere
1088 1040 1203 1113 liceret,
1218 1062 1291 1103 exo-

193 1147 313 1211 rabant.
339 1150 439 1211 SCH.
1241 1195 1261 1247 p

195 1304 199 1311 .
240 1267 312 1332 134.
329 1250 508 1332 θεμερῶπιν]
527 1254 709 1331 θερμερῶπιν
720 1247 797 1311 Aid.
809 1247 892 1311 Rob.
905 1263 936 1311 et
951 1269 1024 1331 pars
1038 1245 1189 1310 codicum.
1207 1251 1292 1325 θεμε-

192 1355 286 1430 ρῶπιν
309 1352 358 1414 Μ.
383 1351 575 1438 Hesychius,
598 1356 789 1431 Θεμερῶπιςε
816 1351 943 1430 ἐρασμίο
958 1351 1080 1430 ἀγχόνη.
1112 1348 1211 1410 Recte
1234 1349 1292 1410 So·

191 1451 319 1538 pingius
332 1452 486 1537 corrigere
500 1450 637 1530 videtur,
653 1457 827 1532 Θεμερῶπις
841 1451 944 1517 alode:
969 1451 1097 1530 ε’ρασμία
1111 1450 1249 1531 αἰσχύνη.

239 1567 309 1637 135.
326 1552 481 1636 ἀπέδιλος]
500 1555 578 1616 Sine
591 1553 757 1616 sandaliis.
773 1551 952 1617 ἆσόνδαλος.
973 1554 1020 1614 διδ
1034 1554 1121 1612 τοῦτο
1139 1554 1232 1628 δῆλον
1245 1551 1292 1612 ὅτι

193 1656 360 1721 σπουδαίως
380 1653 592 1735 παρεγένοντο,
608 1653 676 1716 οὐδὲ
695 1656 732 1717 τὸ
748 1655 842 1716 οἰκεῖα
863 1652 972 1717 πέδιλα
986 1657 1156 1731 δυνηθεῖσαι
1169 1658 1291 1731 λαβεῖν.

195 1754 298 1818 Schol.
309 1755 350 1817 B.
364 1756 491 1818 Veteres
502 1755 536 1817 τδ
550 1756 735 1833 ἆνυπόδηπον
748 1753 952 1817 festinationis
967 1752 1113 1817 indicium
1126 1753 1228 1818 dicere
1240 1778 1290 1817 so-

193 1854 308 1919 lebant.
326 1856 464 1920 Theocr.
483 1876 534 1937 24.
549 1859 603 1938 36.
614 1855 742 1929 Ἀνστα,
757 1858 831 1934 μηδὲ
844 1855 972 1919 ποδέσσι
982 1862 1060 1922 τεοῖς
1072 1858 1138 1919 -θπο
1153 1856 1292 1921 σάνδαλα

195 1960 282 2035 θείης.
304 1957 395 2022 Bion.
411 1979 441 2034 1,
454 1978 504 2025 21.
519 1957 574 2020 ἅδ’
590 1957 763 2039 Ἀφροδίτα,
780 1956 943 2036 Λυσαμένα
954 1962 1139 2035 πλοκαμῖδας
1150 1960 1208 2022 ἀνὰ
1222 1963 1290 2035 δρυ-

193 2060 255 2137 μὸς
270 2059 428 2138 ἀλάληται,
445 2059 617 2132 Πενθαλέα,
631 2059 782 2137 ια’γπεκτος,
800 2056 982 2124 ἆσάνδαλος.
1029 2059 1110 2122 Haec
1127 2060 1292 2122 Stanleius.

196 2159 345 2245 Apollon.
361 2159 469 2223 Rhod.
488 2181 516 2234 1,
532 2180 584 2243 43.
601 2162 639 2224 de
655 2160 771 2223 Medea
786 2174 984 2245 properante,
1003 2167 1161 2240 γυμνοῖσιν
1180 2164 1215 2225 δὲ
1235 2165 1291 2225 πό-

196 2265 300 2323 δεσσιν
320 2263 378 2325 tva
400 2262 534 2328 στεινοδς
556 2262 625 2324 θέεν
643 2264 753 2339 οἴμους.
788 2259 927 2345 Poiyaen.
953 2262 1087 2347 Strateg.
1112 2264 1142 2325 8.
1166 2285 1196 2348 p.
1217 2265 1292 2347 498.

196 2365 355 2443 Σεμίραμις
383 2363 531 2442 λουομένη
560 2369 620 2427 τῶν
649 2360 783 2442 Σιριίκωυ
810 2361 921 2438 ἤκουσε
948 2360 1003 2438 τὴν
1032 2363 1210 2426 ἀπόστασιν·
1245 2366 1293 2428 καὶ

195 2467 360 2544 παραυτίκα
385 2466 576 2544 ἆνυπόδητος,
598 2467 672 2544 μηδὲ
697 2468 749 2529 τὰς
772 2465 875 2546 τρίχας
899 2464 1140 2544 ἆνοπλεξαμένη,
1167 2468 1215 2531 ἐπὶ
1240 2467 1293 2530 τὸν

196 2567 330 2645 πόλεμον
345 2568 461 2645 ἐξῆλθε.
485 2567 662 2632 BLOMF.

238 2669 301 2751 ὄχιρ
316 2669 467 2756 πτερωτῷ]
486 2669 536 2732 Sic
551 2667 637 2755 apud
653 2665 841 2753 AEschylum
857 2665 888 2728 in
905 2667 1136 2731 Eumenidibus
1148 2671 1295 2734 Minerva

194 2790 287 2830 curru
313 2790 370 2853 per
393 2779 494 2832 aerem
521 2769 706 2847 advehitur3
732 2768 818 2853 apud
842 2767 1028 2854 Euripidem
1055 2769 1172 2834 Medea
1197 2795 1292 2837 curru

195 2867 385 2935 draconibus
399 2868 489 2933 alatis
498 2871 612 2956 juncto
626 2871 761 2957 aufugit.
785 2871 886 2934 SCH.

243 2974 313 3055 136.
327 2973 400 3047 αἰαῖ,
416 2975 494 3054 αἰαῖ]
514 2972 639 3036 nicici
653 2975 702 3035 Μ.
740 2974 858 3050 Quater
873 2970 1022 3056 scripturn
1039 2971 1069 3034 in
1087 2972 1125 3045 B,
1142 2974 1240 3037 sexies
1261 2975 1294 3040 in

197 3071 348 3135 Cantabr.
366 3072 478 3158 primo,
494 3073 542 3137 bis
563 3074 595 3137 in
615 3072 694 3138 Ald.
720 3072 803 3137 Rob.
827 3071 1014 3157 quibuscum
1037 3075 1234 3139 consentiunt
1250 3076 1293 3138 A.

196 3171 312 3256 aliique
327 3194 388 3236 non
401 3175 503 3259 pauci,
519 3175 632 3261 partim
645 3175 688 3253 αἶ,
704 3174 817 3260 partim
834 3173 864 3237 ai
878 3172 1069 3236 exhibentes.

243 3291 313 3355 137.
337 3276 519 3342 πολθτεκνος
544 3275 659 3340 dicitur
686 3276 820 3362 Tethys,
843 3275 919 3360 quia
948 3295 1096 3359 magnum
1126 3274 1295 3339 liberorum

197 3396 362 3437 numerum
378 3376 505 3438 Oceano
519 3392 694 3462 pepererat,
710 3400 790 3462 quos
812 3388 949 3439 recenset
966 3372 1129 3437 Hesiodus
1143 3375 1174 3436 in
1191 3375 1297 3438 Theo-

195 3474 289 3560 gonia
304 3498 332 3537 v.
350 3492 426 3560 337.
442 3499 528 3563 seqq.
553 3479 652 3541 SCH.

240 3576 308 3660 138.
325 3574 350 3639 θ’
367 3577 592 3657 εἱλισσομένου]
610 3578 634 3640 τ’
651 3579 851 3658 έλισσομένου
866 3577 944 3642 Aid.
961 3577 1047 3642 ltob.

241 3697 311 3756 140.
334 3676 465 3741 ἐσίδεσθ’
485 3678 527 3741 ab
550 3678 704 3742 Turnebo
725 3680 861 3766 positum
885 3702 1056 3766 paucorum
1076 3679 1240 3759 librorum,
1261 3698 1296 3746 ut

196 3778 331 3855 videtur,
353 3778 556 3843 auctoritate:
581 3778 732 3865 plerique,
755 3780 836 3844 inter
857 3803 937 3866 quos
958 3782 1020 3857 M.‚
1044 3782 1184 3846 έσίδεσθέ
1202 3782 1244 3861 μ’,
1261 3798 1296 3846 nt

196 3878 275 3944 ΑΜ.
298 3880 382 3944 Rob.
405 3879 492 3966 quod
515 3879 743 3944 restituendum
768 3881 892 3946 videtur
914 3897 1035 3945 mutata
1055 3905 1201 3945 versuum
1218 3882 1297 3946 divi-

198 3979 294 4057 sione,
310 3982 422 4062 πατρὸς
438 3979 596 4057 Ὠκεανοῦ,
617 3980 622 4067 Ι
641 3980 775 4064 δέρχθητ’
792 3983 932 4046 έσίδεσθέ
944 3982 973 4062 μ’
993 3985 1045 4067 οἴῳ
1058 3987 1157 4068 δεσμῷ
1177 3982 1183 4069 Ι
1201 4010 1296 4066 προσ-

198 4081 348 4162 πορπατὸς
366 4081 372 4167 Ι
391 4086 533 4160 τῆσδε-.

245 4203 314 4263 141.
330 4181 572 4266 προσπορπατὸς]
590 4183 664 4263 πρὸς
678 4184 789 4263 πατρὸς
805 4185 854 4246 M.

245 4303 315 4362 144.
335 4303 406 4365 145.
424 4284 536 4365 ὀμίχλα
547 4299 578 4346 et
594 4285 746 4367 εἰσιδούσᾳ
764 4307 802 4346 ex
826 4283 933 4368 paucis
947 4281 1039 4345 codd.
1057 4285 1208 4369 reposita:
1232 4289 1297 4374 pie-

198 4384 288 4470 rique
316 4387 427 4468 ὀμίχλη
456 4400 488 4447 et
518 4387 669 4462 εἰσιδοθοη
699 4383 747 4446 vel
778 4386 929 4447 εἰσιδοῦσα
966 4386 1119 4449 εἰσιδοῦσα
1148 4388 1194 4450 vei
1223 4393 1297 4454 είσί-

199 4487 358 4549 δουσαΜ.
446 4538 449 4546 .

732 4603 785 4648 Η
