2978 5062
246 342 314 406 ala
612 342 991 410 ANNOTATIONES

246 527 382 576 mutasse
405 510 614 576 Schneiderus
635 513 667 575 in
690 511 749 577 lex.
766 513 825 576 Gr.
843 534 916 599 app.
937 535 970 599 p.
985 511 1060 596 689.
1080 511 1236 597 opinatur,
1254 512 1349 598 cujus

247 627 351 677 tamen
380 612 535 701 opinionis
562 615 682 701 justam
711 613 861 679 rationem
890 614 1043 679 desidero.
1079 613 1237 690 τάνδοκος,
1266 613 1348 678 sicut

246 736 353 803 rapam
369 719 483 795 Orcus,
503 740 556 804 ap.
571 718 687 781 Horat.
703 719 808 782 Canu.
826 736 855 795 2,
870 717 922 795 18,
937 735 990 802 30,
1012 716 1089 802 quia
1108 738 1216 780 omnes
1236 715 1346 780 eodem

244 831 424 904 coguntur;
449 818 583 905 denique
598 818 725 900 ἀφανὴς,
736 818 891 905 pallidam,
907 819 1127 897 tenabricosus,
1141 818 1183 882 ob
1197 832 1346 882 aetemam

245 919 321 984 Orci
335 919 511 1007 caliginem.
536 922 636 987 SCH.

290 1024 364 1107 857.
395 1026 451 1087 τὸν
479 1022 610 1087 ἄοτονον
637 1023 845 1104 μελάγκροκον
872 1023 1041 1087 ναύστολον
1071 1023 1219 1105 (ἄστολον
1242 1022 1345 1105 Rob.)

246 1127 384 1210 θεωρίδα]
403 1126 526 1190 Locum
543 1125 627 1191 hunc
645 1143 677 1191 et
698 1139 882 1213 corruptum
905 1139 937 1189 et
957 1124 1178 1209 interpolatum
1200 1146 1263 1187 non
1286 1124 1348 1187 levi

243 1226 425 1313 conjectura
450 1227 606 1315 suspicor:
642 1228 729 1315 quod
754 1226 837 1292 enim
862 1249 919 1291 nos
947 1226 1027 1291 duos
1052 1225 1217 1290 versiculos
1245 1225 1348 1291 facere

244 1325 391 1406 solemus,

505 1441 560 1502 τδν
575 1440 705 1502 ἄστονον
718 1438 924 1521 μελάγκροκον

506 1542 676 1605 ναύστολον
690 1543 824 1622 θεωρίδα,

246 1713 299 1755 eos
320 1690 351 1752 in
376 1713 475 1754 unum
494 1706 585 1755 vetus
607 1707 777 1755 metrorum
794 1692 939 1780 AEschyli
961 1694 1142 1757 observator
1162 1693 1346 1780 compingit,

245 1815 287 1856 sc.
303 1791 465 1870 iambum;
489 1793 544 1880 qui
566 1808 648 1857 recto
670 1793 797 1879 quidem
816 1795 969 1859 constabit
990 1795 1013 1859 si
1031 1798 1199 1861 ναύστολον
1213 1796 1346 1860 sustule-

245 1892 308 1970 ris;
332 1918 427 1980 quarn
450 1919 510 1982 ego
529 1919 632 1960 vocem
653 1896 780 1960 omnino
797 1896 898 1961 velex
913 1898 1053 1984 margine
1069 1898 1116 1962 vel
1131 1898 1282 1962 linearum
1298 1898 1345 1962 in·
1480 1946 1483 1950 -

246 1996 377 2062 terstitio
397 1998 428 2061 in
448 2013 569 2063 textum
592 1997 749 2084 irrepsisse
766 1997 886 2083 judico,
904 2015 1013 2086 utpote
1034 2000 1343 2086 interpretamentum

244 2099 314 2187 ejus
342 2100 437 2177 vocis,
462 2124 556 2187 quarn
585 2123 668 2164 nunc
698 2101 828 2164 άστονον
853 2100 997 2187 legimns,
1024 2102 1077 2165 sed
1102 2101 1190 2188 prius
1213 2104 1346 2167 ἄστολον

244 2202 418 2289 legebatur,
433 2201 540 2267 saltem
557 2202 608 2266 ille
623 2202 667 2266 ita
681 2201 815 2289 legebat,
830 2202 885 2288 qui
905 2205 1073 2268 ναύστολον
1087 2203 1190 2290 primo
1212 2221 1246 2268 ut
1264 2203 1346 2289 glos-

245 2328 329 2369 sema
355 2304 486 2369 addidit.
532 2304 634 2370 Schol.
658 2304 785 2369 Arund.
809 2305 948 2377 ἄστονον,
971 2306 1036 2384 ἤτοι
1059 2306 1304 2380 κακοστένακτον,
1327 2306 1346 2387 ἢ

244 2406 378 2471 ἄστολον
389 2408 438 2471 καὶ
451 2413 543 2474 κακῶς
554 2407 750 2487 ἐσταλμένον.
768 2406 936 2469 STANL.
959 2409 1127 2471 ναύστολον
1141 2407 1346 2491 μελάγκροκον

245 2509 371 2589 θεωρίδα
385 2531 423 2571 ex
440 2506 471 2571 h.
484 2509 505 2572 l.
521 2506 596 2571 citat
609 2506 751 2571 Thomas
766 2508 815 2571 M.
832 2530 857 2571 s.
873 2531 903 2571 v.
919 2510 1037 2590 θεωρός.
1069 2509 1151 2573 Vera
1166 2509 1263 2573 totius
1277 2532 1344 2573 ver-

246 2632 300 2674 sus
314 2609 468 2695 scriptura
483 2608 608 2673 videtur

418 2732 474 2802 τᾶν
488 2740 657 2802 ναύστολον
670 2737 877 2818 μελάγκροκον
892 2739 1028 2820 θεωρίδα.

244 2869 415 2934 ναύστολον
435 2863 599 2929 scholiasta
620 2864 843 2950 interpretatur
864 2864 919 2942 τὴν
941 2864 1105 2946 διάγουσαν
1125 2866 1193 2934 τοὺς
1215 2871 1344 2948 νεκρούς.

246 2968 356 3054 Hujus
370 2965 514 3052 adjectivi
530 2965 743 3052 dittographia
755 2964 879 3029 videtur
893 2967 1024 3030 άστονον
1038 2967 1101 3031 sive
1116 2969 1256 3035 ἄστολον.

290 3072 364 3155 859.
378 3067 524 3132 ’πόλλωνι
539 3067 697 3132 Pauwius.
743 3067 833 3131 Libri
848 3066 939 3153 plene
952 3065 1136 3133 Ἀπόλλωνι.

288 3172 430 3255 άνάλιον]
447 3173 521 3235 Hoc
543 3170 785 3256 praecedentium
805 3170 970 3233 verborum
991 3173 1047 3234 τδν
1068 3172 1180 3251 uastat,
1199 3170 1346 3238 ’τόλλωνι

244 3274 400 3362 glossema
414 3297 480 3338 esse
496 3272 620 3338 videtur
635 3271 831 3337 Blomlieldo.

288 3377 444 3451 τάνδοκος,
463 3377 577 3440 Omnes
591 3376 756 3461 recipiens.
790 3372 882 3437 Dixit
898 3372 1058 3458 Lycophr.
1075 3375 1148 3458 655.
1164 3371 1345 3455 Πρύταντας

245 3480 335 3558 Alios
354 3478 516 3544 πανδοκεὺς
533 3478 721 3558 άγρεύσεται.
743 3474 798 3561 qui
815 3498 922 3539 versus
943 3474 1070 3539 mirifice
1091 3475 1254 3539 confirmat
1274 3499 1344 3540 cor-

244 3581 424 3655 rectionem,
439 3601 535 3665 quam
549 3600 589 3641 ex
606 3577 798 3665 Etymologo
812 3577 949 3663 quodam
967 3599 1087 3641 mecum
1103 3577 1345 3641 communicavit

245 3681 458 3759 Gaisfordius,
472 3679 505 3743 in
521 3678 629 3743 Nostri
650 3678 763 3767 Suppl.
780 3700 792 3743 1
796 3695 817 3763 5
818 3696 851 3764 5.
874 3680 939 3743 Τδν
954 3679 1084 3761 Ζαγρία,
1099 3678 1164 3743 Τδν
1177 3681 1344 3759 τολνξενύ-

244 3810 335 3850 τατον
357 3789 440 3864 Ζῆνα
461 3789 520 3847 τῶν
542 3779 735 3861 κεκμηκότων,
758 3780 798 3844 de
820 3803 885 3865 quo
906 3780 1028 3868 plenius
1049 3801 1140 3867 αροιο
1166 3780 1207 3845 ad
1230 3781 1342 3845 locum.

245 3887 343 3953 Pluto
364 3886 480 3951 dicitur
497 3881 687 3962 Πολνδίκτηκ
707 3882 871 3947 Homerid.
893 3884 1016 3970 Hymn.
1032 3885 1136 3947 Cerer.
1152 3903 1183 3968 9.
1201 3882 1256 3947 ubi
1272 3882 1344 3947 vide

245 3988 417 4054 Ruhnken.
448 3988 502 4054 Cf.
517 3985 657 4052 Glossar.
676 3984 718 4049 ad
734 3985 894 4050 Prometh.
910 4004 982 4071 159.
1013 3984 1159 4071 Sophocli
1174 3984 1206 4048 in
1224 3985 1343 4050 Inacho

244 4091 449 4156 diversorium
472 4104 602 4155 vocatur
622 4085 769 4156 πάνδοκοε
794 4086 978 4169 ξενόστασιε,
1001 4086 1088 4174 quod
1111 4085 1207 4173 vulgo
1231 4092 1340 4153 πανδο-

245 4199 336 4267 κεῖον,
362 4209 395 4259 et
423 4193 511 4282 apud
540 4207 680 4256 nostrum
707 4189 790 4271 δόμοι
813 4187 956 4255 τάνδοκοι
980 4189 1074 4269 ξένων
1098 4188 1242 4277 Choeph.
1267 4191 1342 4255 660.

244 4293 445 4381 Antiphanes
458 4294 573 4360 alicubi
587 4293 673 4380 apud
688 4293 879 4358 Athenaeum
890 4293 1008 4355 Orcum
1024 4305 1115 4355 vocnt
1130 4297 1341 4375 καταγωγεῖον.

245 4393 417 4460 Ruhnken.
433 4399 497 4484 Ep.
514 4396 593 4462 Crit.
610 4415 639 4462 a.
654 4419 688 4483 p.
701 4397 773 4460 286.
788 4417 828 4458 ex
844 4392 998 4481 Sophocle
1011 4393 1149 4459 enotavit
1162 4395 1253 4475 λίμνη
1267 4418 1343 4476 tray-

245 4521 342 4566 κοκνοο
360 4498 463 4578 aaa,
484 4513 518 4565 et
536 4499 627 4578 λίδος
648 4496 754 4566 κοινός.
777 4497 922 4582 Propert.
945 4517 979 4582 3,
1003 4499 1052 4574 16,
1078 4514 1129 4578 24.
1151 4495 1342 4562 Scondeada
