2978 5062
196 329 239 389 84
559 323 936 387 ANNOTATIONES

240 493 460 577 φοιταλέοισιν]
477 493 681 556 Scribendurn
699 493 870 573 φοιταλέοις
887 513 957 555 curn
977 492 1171 562 Hermanno,
1187 511 1294 551 versus

196 612 299 659 autem
317 597 359 658 sic.
373 595 551 658 dividendi:

326 697 492 776 ὠνόμασας,
510 697 529 759 ἃ
543 697 680 776 μαραίνει
694 721 731 773 με
746 696 874 776 χρίουσα
890 694 1020 773 κέντροις
1043 693 1061 729 *
1086 693 1104 731 ⁴*

325 798 507 879 φοιταλέοις,
523 797 538 861 ἓ
554 800 579 860 ἔ.

194 901 271 964 Post
287 901 415 981 κέντροις
428 899 611 964 exciderunt
626 897 754 984 syllabae
769 897 853 974 duae,
868 897 999 960 fortasse
1013 898 1071 959 άεί.

237 1013 310 1074 600.
336 1010 484 1093 νήστισιν]
508 997 645 1088 νήστύσιν
662 1009 708 1072 Μ.
734 1008 877 1086 νήστησιν
898 1005 1017 1092 aliquot
1039 1004 1130 1068 codd.
1154 1016 1185 1068 et
1208 1005 1293 1066 varia

192 1110 283 1176 lectio
305 1135 354 1198 ap.
379 1110 582 1174 scholiastam.
608 1109 756 1187 Νήστιδες
778 1110 843 1171 δύαι
866 1110 983 1193 Agam.
1004 1131 1035 1169 v.
1053 1109 1145 1169 1621.
1168 1128 1291 1190 compa-

192 1213 273 1277 ravit
289 1212 503 1275 Blomfieldus.

236 1317 309 1377 601.
325 1316 513 1393 λαβρόσυτος
528 1311 707 1376 Elmsleiua
729 1313 940 1392 λαβράσσντος
956 1309 1038 1372 libri.

231 1412 332 1494 Ἥρας
345 1437 384 1476 ex
401 1414 563 1477 scholiasta
576 1413 732 1486 additum,
749 1412 868 1474 monitu
886 1409 1070 1473 Hermanni.

237 1516 310 1578 602.
334 1514 554 1578 ἐπικότοισι-ἓ
577 1514 603 1597 ἒ]
625 1516 705 1577 Haec
721 1516 814 1577 rerba
836 1512 866 1574 in
891 1534 987 1574 unum
1009 1533 1132 1574 versum
1155 1509 1287 1593 conjun-

193 1616 306 1701 ganda.

237 1719 309 1780 606.
326 1719 356 1779 τί
368 1720 467 1798 μῆχαρ
484 1715 660 1780 Elmsleius.
696 1716 878 1849 Legebptur
893 1717 923 1778 τί
934 1715 975 1794 μὴ
988 1715 1055 1796 χρή.
1084 1713 1181 1776 Pauci
1197 1712 1287 1776 codd.

789 1821 801 1849 ⁰

193 1869 224 1930 τί
239 1866 412 1949 μεχρὴυε]
428 1868 459 1928 τί
470 1891 520 1944 μοι
534 1867 601 1948 χρὴ,
620 1889 702 1930 unus
716 1867 746 1928 τί
757 1865 797 1945 μὴ
812 1865 878 1947 χρὴ,
895 1885 967 1927 cum
984 1886 1049 1926 var.
1063 1863 1132 1927 lect.
1148 1866 1179 1926 τί
1189 1888 1239 1941 μοι
1254 1863 1290 1924 οὐ

192 1994 262 2050 χρη.

234 2067 253 2147 ἢ
268 2068 390 2132 addidit
406 2069 575 2155 Reisigius.

236 2169 309 2233 608.
326 2170 417 2251 φράζε
432 2169 481 2254 τᾷ]
497 2170 622 2251 φράζετε
637 2172 687 2233 Μ.
710 2170 802 2251 φράζε
818 2195 851 2233 τε
865 2168 929 2232 duo
943 2166 1036 2231 codd.
1052 2182 1083 2229 et
1099 2166 1197 2244 Rob.,
1213 2188 1289 2228 non-

192 2269 268 2334 nulli
285 2270 424 2352 φράζετε
446 2275 492 2354 τᾷ.
516 2271 609 2352 φράζε
631 2274 663 2335 δὲ
679 2270 755 2335 Ald.
801 2269 890 2333 Libri
912 2271 1053 2355 plerique
1075 2269 1167 2350 φράζε
1189 2273 1235 2351 τᾷ,
1253 2282 1287 2331 ut

193 2373 296 2435 Turn.

235 2476 309 2556 609.
326 2475 429 2558 τορῶς]
445 2481 550 2556 σαφῶς
564 2475 661 2537 codex
680 2496 771 2537 unus.

232 2574 317 2659 ὅπερ]
335 2576 516 2660 Legebatur
531 2577 548 2636 ὅ
562 2601 600 2637 τι.
647 2577 830 2638 Correctum
846 2597 884 2636 ex
901 2575 1011 2658 Etym.
1028 2573 1075 2634 M.
1092 2595 1123 2658 p.
1142 2574 1217 2655 762,
1235 2590 1285 2655 29.

190 2688 222 2739 et
238 2675 387 2740 Gudiano
401 2699 432 2761 p.
447 2693 520 2759 532.

234 2778 307 2855 614.
323 2776 447 2860 τλῆμον]
463 2776 583 2856 τλήμων
594 2778 636 2839 Ε.

234 2878 328 2961 δίκην]
343 2876 431 2959 χάριν
447 2877 511 2940 duo
526 2876 617 2939 codd.
633 2877 713 2956 δίκης
729 2877 844 2940 Christ.
863 2879 931 2939 Pat.
950 2893 1021 2958 700.

234 2980 306 3062 615.
329 2977 428 3062 ἁρμοῖ]
451 2979 559 3055 Modo,
582 2999 695 3064 nuper.
718 2980 831 3059 ἀρτίως.
855 2977 994 3062 Hesych.
1013 2977 1155 3040 Erotion.
1176 2976 1284 3062 Ἃρμῷ.

188 3079 295 3162 ἡσυχῆ,
309 3085 425 3160 μικρῶς.
449 3080 488 3146 ὡς
503 3080 550 3142 καὶ
565 3078 750 3160 Φερεκράτης
765 3082 798 3142 ἐν
811 3083 1034 3143 Μεταλλοῦσιν.
1059 3081 1284 3163 Syracusanam

189 3203 254 3244 esse
273 3203 379 3244 vocem
402 3202 441 3243 ex
465 3179 634 3243 Heraclide
657 3179 751 3244 tradit
772 3180 920 3244 Eustath.
936 3179 975 3242 ad
994 3179 1032 3242 11.
1049 3186 1086 3242 A.
1099 3203 1130 3266 p.
1147 3199 1218 3260 140,
1235 3202 1284 3266 13.

188 3282 315 3367 quicum
332 3281 424 3346 sentit
439 3279 586 3345 Valcken.
599 3281 630 3344 in
646 3281 749 3368 Epist.
765 3281 804 3345 ad
822 3283 938 3345 Rover.
952 3304 981 3367 p.
992 3303 1045 3366 49.
1057 3281 1132 3367 quia
1146 3283 1283 3367 ejusdem

187 3383 338 3470 analogiae
360 3398 416 3460 est,
439 3383 530 3469 cujus
553 3398 626 3447 sunt
648 3383 797 3447 dictiones
820 3385 1032 3469 Syracusanae,
1051 3399 1134 3446 certe
1148 3383 1283 3460 Doricae,

189 3487 281 3563 ἑνδοῖ,
298 3488 369 3564 ἔξοῖ,
384 3490 479 3549 πεδοῖ.
503 3487 593 3565 ἁρμοῖ
605 3506 643 3547 an
656 3486 747 3566 ἁρμοῖ
758 3484 955 3548 scribendum
972 3485 1021 3559 sit,
1036 3485 1117 3549 inter
1131 3509 1285 3572 gramma-

188 3584 264 3649 ticos
294 3607 355 3648 non
385 3584 548 3656 convenit;
588 3583 641 3647 sed
667 3584 854 3670 plerumque
883 3587 1050 3658 δασύνεται,
1082 3600 1159 3649 teste
1188 3585 1282 3650 schol.

189 3688 297 3750 Venet.
317 3686 357 3749 ad
379 3685 418 3749 ΙΙ.
436 3692 471 3749 Α.
486 3686 561 3763 486.
607 3686 754 3749 Ceterum
777 3684 918 3748 conferas
941 3685 1084 3772 Sophocl.
1101 3687 1193 3772 Ajac.
1212 3705 1283 3769 799.

188 3788 294 3868 άρτίως
316 3787 506 3866 πεπαυμένην
532 3787 643 3848 Πάνων
667 3787 809 3867 άτρύτων.
839 3787 1013 3851 BLOMF.
1041 3786 1064 3851 ὦ
1090 3814 1140 3868 μοι
1165 3788 1284 3875 aliquot

188 3887 304 4050 miii.
321 3987 419 4072 nvn]
435 3988 522 4052 rava.
538 3987 673 4051 vindob.
685 4009 774 4088 unus
787 4005 818 4051 ο
834 3989 911 4052 Au.
928 3991 1010 4054 nob.

233 4137 306 4217 617.
321 4137 408 4220 αἰτεῖ]
424 4139 489 4216 αἰτῇ
505 4135 610 4222 vulgo.
625 4091 704 4201 atrei
717 4139 765 4201 M.
789 4142 880 4207 αἰτεῖς
895 4139 1030 4203 Vindob.
1046 4163 1139 4204 uuus.

231 4240 292 4298 πᾶν
312 4240 370 4319 γὰρ
392 4239 430 4302 ἃν
451 4240 555 4302 πύθοιο
576 4237 768 4324 adscriptum
789 4238 821 4302 in
838 4241 876 4303 Β.
897 4246 958 4304 πᾶν
971 4244 1029 4323 γὰρ
1044 4242 1098 4305 οὖν
1112 4242 1216 4306 πύθοιο
1232 4242 1282 4306 Μ.

188 4351 220 4400 et
238 4335 324 4399 varia
344 4336 434 4400 lectio
454 4361 503 4425 ap.
521 4338 725 4425 Stephanum.
748 4340 845 4404 πάντα
866 4346 924 4424 γὰρ
946 4346 1050 4407 πύθοιο
1065 4344 1151 4408 Α.Β.
1166 4342 1282 4429 aliique

187 4459 258 4500 cum
275 4435 352 4500 Ald.
367 4436 451 4500 Rob.
468 4443 528 4501 πᾶν
541 4442 600 4520 γάρ
616 4441 752 4504 ἐκπύθοιο
769 4443 870 4504 Turn.
