2978 5062
472 380 475 386 Ι
512 300 580 363 ΑΙ)
603 302 963 367 PROMETHEUM.
1250 305 1292 368 73

192 479 296 551 potest
318 466 447 555 insignis
470 468 558 534 locus
579 469 696 556 Eurip.
713 468 825 555 Suppl.
843 488 936 532 1110.
952 489 1046 552 quem
1063 467 1119 530 viri
1136 468 1220 533 docti
1236 470 1292 533 mi-

191 590 251 633 nus
271 585 469 658 perspectum
492 571 681 636 habuerunt.
716 575 806 634 Μισῶ
830 568 854 633 δ’
876 571 944 632 ὅσοι
966 566 1128 655 χρῄζουσιν
1150 572 1293 635 ἐκτείνειν

190 671 272 749 βίον,
289 677 433 753 Βρωτοῖσι
455 675 503 737 καὶ
518 679 636 737 ποτοῖσι
657 674 704 737 καὶ
717 674 886 754 μαγεύμασι
901 670 1161 752 Παρεκτρέποντες
1183 673 1292 755 ὀχετὸν

192 773 271 836 ὥστε
284 773 325 853 μὴ
340 779 455 839 θανεῖν.
493 775 673 839 Gatakerus
683 789 715 838 et
730 771 943 837 Marklandus
965 770 1073 857 legunt
1083 779 1202 836 ποτοῖσι
1215 800 1291 856 μαγ-

192 877 359 955 γανεύμασι
372 899 411 939 ex
428 876 610 955 Plutarcho,
625 876 722 940 male:
746 882 891 957 βρωτοῖσι
905 873 988 937 enim
1004 887 1035 936 et
1048 879 1167 937 ποτοῖσι
1177 897 1239 938 non
1252 875 1292 940 de

191 974 302 1040 eduliis
313 975 472 1055 dicuntur,
485 977 539 1042 sed
551 999 622 1042 cum
635 975 851 1041 subintellecta
861 998 935 1039 voce
947 973 1113 1057 φαρμάκοις
1128 976 1290 1041 συννοσεῖν.

193 1077 309 1141 Sensus
323 1069 372 1142 eit
386 1078 481 1157 “Qui
495 1102 552 1164 per
566 1079 789 1142 medicamenta
807 1076 928 1141 edenda
946 1090 978 1139 et
996 1074 1145 1162 potanda,
1162 1075 1212 1139 vel
1235 1099 1292 1163 per

191 1179 328 1243 carmina
349 1180 470 1266 magica
491 1195 621 1244 mortem
648 1180 773 1243 differre
796 1179 945 1242 tentant.”
979 1179 1078 1241 Vetus
1105 1176 1196 1241 lectio
1218 1179 1292 1243 satis

192 1280 334 1345 firmatur
348 1305 386 1346 ex
403 1283 507 1346 Orest.
526 1283 618 1367 1508.
636 1281 728 1345 Ἤτοι
750 1279 961 1363 φαρμάκοισιν,
978 1277 1024 1342 Ἢ
1046 1278 1151 1361 μάγων
1171 1279 1291 1364 τέχναι-

193 1407 253 1446 σιν.
290 1383 408 1447 Medea
432 1406 489 1470 per
516 1385 690 1466 μαγεύματα
713 1383 833 1446 AEsona
862 1381 1031 1445 renovavit.
1068 1381 1225 1468 Hippocr.
1252 1384 1291 1447 de

195 1483 312 1549 Morbo
327 1487 423 1550 Sacro
438 1510 470 1573 p.
485 1504 560 1571 345.
576 1485 625 1549 ed.
643 1483 789 1549 Vanderl.
811 1484 895 1557 οὗτος
917 1484 966 1546 καὶ
984 1484 1093 1561 ταύτην
1111 1481 1165 1561 τὴν
1180 1488 1291 1550 νοῦσον

193 1585 262 1670 isira
284 1585 332 1660 ἃν,
353 1591 381 1651 εί
398 1587 466 1654 τοὺς
487 1585 604 1669 καιροὺς
626 1587 815 1667 διαγινώσκει
835 1590 894 1648 τῶν
914 1587 1134 1666 ξυμφερόντων,
1150 1588 1223 1651 ἄνευ
1241 1613 1292 1650 κα-

194 1685 349 1767 θαρμάτων
363 1688 411 1752 καὶ
426 1687 633 1769 μαγενμάτων,
649 1688 697 1751 καὶ
717 1685 815 1765 πάσης
837 1687 933 1765 ἄλλης
954 1688 1121 1765 βαναυσίης
1143 1689 1289 1766 τοιαύτης.

194 1787 244 1850 Cf.
259 1787 351 1852 etiam
368 1789 502 1854 Lucian.
519 1789 663 1853 Macrob.
679 1809 713 1869 4,
734 1808 782 1852 10.
799 1787 892 1851 Misc.
910 1786 989 1851 Obs.
1005 1808 1055 1864 10,
1070 1810 1102 1873 p.
1118 1791 1192 1868 426.
1209 1791 1289 1853 Lex.

194 1889 269 1954 MS.
283 1913 337 1977 ap.
354 1890 438 1956 Bibl.
454 1891 583 1956 Coislin.
607 1914 637 1977 p.
655 1892 727 1975 236.
743 1904 775 1953 et
791 1889 879 1955 Suid.
904 1913 935 1952 v.
952 1892 1084 1971 Μαγεία.
1125 1890 1211 1954 Nihil
1235 1891 1290 1954 ho·

192 2012 262 2056 rum
284 1990 373 2056 dedit
398 1995 445 2057 H.
468 1993 577 2080 Steph.
599 1993 630 2057 in
656 1991 848 2057 Dictionario
873 1991 1014 2056 Medico.
1060 1992 1160 2055 Recte
1186 2008 1291 2058 monet

193 2092 350 2157 Stanleius
366 2096 471 2161 πιστός
489 2095 531 2158 ab
552 2093 683 2180 antiquo
704 2095 760 2158 πίω
780 2092 948 2157 formatum
969 2115 1046 2156 esse.
1079 2093 1229 2159 Eustath.
1249 2096 1290 2158 ad

193 2193 285 2260 Iliad.
310 2201 352 2260 Π.
376 2217 408 2281 p.
429 2215 524 2280 1050,
538 2198 592 2278 48.
614 2199 631 2259 ὁ
652 2195 755 2276 μέντοι
777 2195 890 2267 πιστὸς,
916 2194 1009 2275 ἤγουν
1030 2195 1131 2268 ποτὸς,
1156 2198 1291 2261 τούτεστι

192 2299 360 2375 πινόμενος,
376 2300 451 2361 κατῖι
469 2297 514 2370 τὸ,
534 2301 643 2380 χριστᾰ
663 2297 711 2361 καὶ
729 2301 822 2360 πιστὰ
841 2295 991 2378 φάρμακα,
1008 2298 1041 2359 ἐκ
1063 2302 1115 2359 τοῦ
1135 2298 1192 2359 πίω
1212 2299 1290 2361 πίσω

192 2402 346 2479 παρῆκται.
392 2399 443 2461 De
464 2397 524 2462 hoc
545 2398 675 2483 antiquo
689 2397 785 2463 verbo
798 2397 884 2462 locus
898 2413 945 2463 est
959 2396 1143 2484 Etymologi
1168 2420 1199 2484 p.
1216 2401 1289 2482 673,

198 2501 246 2564 ι8.
262 2523 356 2587 quem
370 2501 527 2586 integrum
543 2501 717 2565 exscribere
729 2524 790 2566 non
802 2499 966 2587 gravabor.
989 2502 1070 2580 παρὰ
1084 2497 1120 2561 τὸ
1131 2500 1188 2563 πίω
1199 2502 1288 2573 πίσω,

193 2603 232 2669 ὣς
245 2605 307 2668 λύω
322 2605 416 2668 λύσω.
440 2605 473 2666 ἐκ
487 2605 592 2667 τούτου
605 2604 764 2684 ῥηματικὸν
778 2606 873 2682 ὄνομα
892 2607 980 2668 πῖσος
1003 2601 1050 2664 καὶ
1064 2602 1166 2664 πίσεα.
1190 2601 1241 2665 τὸν
1257 2605 1289 2665 δὲ

194 2707 269 2769 πίσω
282 2703 436 2784 μίλλοντα
451 2706 468 2767 ὅ
482 2704 617 2787 τεχνικὸς
635 2704 676 2784 μὴ
691 2707 831 2786 εὑρῆσθαι
852 2703 937 2786 φησὶ,
955 2703 1003 2766 καὶ
1016 2707 1118 2776 ταῦτα,
1136 2703 1290 2785 εἰρημένου

192 2808 281 2871 αύτοιῖ
294 2810 375 2888 παρὰ
385 2806 535 2890 Πινδάρῳ,
551 2808 625 2879 οῖον,
642 2807 729 2869 Πίσα
744 2831 779 2886 γε
795 2807 904 2886 Δίρκης
917 2807 1003 2886 ὕδωρ.
1031 2807 1079 2869 καὶ
1094 2810 1174 2888 παρὰ
1190 2808 1288 2870 Εὐπό-

192 2913 251 2973 λιδι
264 2913 315 2995 Τῷ
329 2907 353 2972 δ’
369 2908 408 2973 ἂν
421 2907 502 2975 οἶνος
517 2910 561 2987 εἴη
578 2909 682 2979 πολὺς.
697 2911 788 2971 πίσει.
834 2906 920 2971 Hinc
941 2909 1052 2989 πίστρα
1073 2931 1131 2994 pro
1146 2910 1289 2989 πότιστρα

192 3010 268 3075 ibid.
286 3029 336 3094 27.
360 3010 501 3096 Hesych.
519 3010 608 3075 Suid.
629 3010 745 3096 Eurip.
762 3007 850 3096 Cycl.
869 3028 918 3093 29.
942 3009 1090 3091 πιστήρια,
1113 3012 1289 3092 ποτιστήρια

194 3112 327 3177 Photius
342 3114 423 3178 Lex.
439 3114 513 3176 MS.
559 3111 645 3176 Hinc
660 3114 769 3191 πισρύς
783 3127 813 3174 et
828 3113 945 3193 πιστηρ,
961 3114 1062 3191 ληνός,
1078 3111 1163 3199 apud
1181 3113 1287 3200 Hesy-

192 3213 316 3293 chium3
340 3214 485 3294 ἐμπισθίν
499 3214 633 3278 Nicand.
649 3214 747 3277 Ther.
761 3215 835 3293 624.
859 3215 1033 3277 BLOMF.

232 3317 307 3399 480.
330 3319 398 3383 ούτε
420 3318 529 3381 πιστὸν
551 3316 766 3392 Blomfieldus‚
789 3339 828 3379 ex
855 3319 925 3392 An,
951 3330 986 3377 ut
1012 3314 1146 3378 videtur.
1186 3316 1289 3401 Vulgo

193 3419 259 3482 οὐδὲ
273 3422 391 3483 πιστόν.
437 3421 513 3483 Duo
524 3418 645 3483 codices
660 3421 695 3482 ού
710 3418 827 3491 πιστὸν,
843 3417 972 3481 totidem
988 3418 1023 3480 ού
1037 3418 1188 3481 ποτιστόν.

232 3521 308 3601 481.
318 3521 399 3605 πρὶν]
413 3518 618 3584 Scribendum
629 3523 699 3601 πρίν
706 3519 734 3602 γ’
744 3543 782 3583 ex
793 3521 843 3582 M.
853 3518 983 3605 aliisque
994 3519 1150 3582 nonnullis
1161 3534 1191 3583 et
1203 3520 1285 3584 Rob.

233 3622 306 3701 482.
322 3620 509 3706 ἀκεσμάτων]
525 3620 718 3703 κερασμιίτων
733 3621 974 3707 superscriptum
991 3621 1021 3684 in
1039 3623 1076 3685 Β.

232 3725 305 3808 483.
330 3723 535 3807 ἐξαμύνονται]
558 3724 767 3802 ἔξαμείβονται
787 3722 906 3809 aliquot
926 3723 1015 3788 oodd.
1039 3741 1070 3788 et
1090 3723 1162 3786 Ald.
1201 3731 1220 3761 “
1234 3725 1284 3786 De

191 3825 342 3889 medicina
367 3824 489 3888 Plinius
516 3827 562 3889 H.
583 3827 626 3889 N.
650 3842 680 3905 7,
703 3827 772 3909 56.:
797 3826 991 3889 Medicinam
1017 3827 1173 3911 AEgyptii
1197 3827 1286 3910 apud

191 3929 275 4013 ι’ριοο
289 3926 398 3989 volam
412 3937 580 4012 repertam,
595 3928 654 3989 alii
663 3949 725 4013 par
740 3929 881 3991 Arabum
895 3927 1069 4012 Babylonia
1082 3937 1111 3990 et
1127 3928 1284 4012 Apollinis

180 4029 310 4113 filiam,-
333 4028 512 4090 lanariam
535 4037 564 4091 et
586 4028 892 4092 medicamentariam
906 4052 927 4090 a
944 4029 1081 4092 Chirona
1095 4030 1232 4093 Samnii
1255 4042 1284 4094 el

191 4130 433 4216 Payairaefilio.
464 4129 518 4193 Ad
535 4129 636 4218 ipsum
654 4130 833 4215 Apollinem
850 4131 988 4194 referunt
1003 4130 1065 4193 alii.
1100 4130 1279 4196 callimach.

190 4229 297 4316 hymn.
315 4251 346 4309 2,
357 4251 428 4317 45.:
454 4235 486 4296 ἐκ
502 4233 535 4297 δέ
550 4259 584 4297 νυ
600 4235 716 4312 Φοίβου
729 4231 837 4314 Ἰητραὶ
852 4231 992 4297 δεδύασιν
1007 4232 1178 4312 ὰνάβλησιν
1193 4235 1281 4298 θανά-

189 4357 260 4396 τοιο.
296 4332 389 4397 Ovid.
417 4335 550 4398 Metam.
571 4355 598 4410 1,
617 4353 693 4417 521.
716 4336 884 4399 Inventum
909 4335 1063 4398 medimna
1090 4356 1189 4399 υιτυυι
1214 4347 1279 4408 ast,-

726 4458 745 4498 n
