2978 5062
263 326 307 389 28
626 323 1004 389 ANNOTATIONES

264 492 348 559 bello
361 492 511 559 adversus
526 493 658 559 Titanas
672 494 757 571 data,
772 509 804 558 et
818 493 999 560 vaticinium
1015 493 1056 558 de
1070 494 1209 580 periculo
1220 517 1261 558 ex
1278 494 1365 560 The·

265 597 340 662 tidis
354 596 483 684 nuptiis,
499 610 690 662 memoratur
704 596 797 661 etiarn
813 597 886 678 hoc,
900 596 986 684 quod
1002 597 1094 662 Jovis
1112 613 1219 685 caput,
1237 596 1368 662 Pallade

266 699 446 787 gravidum,
462 698 562 764 securi
584 699 783 786 percusserit,
799 713 835 764 ut
856 698 910 763 illa
931 697 1053 764 exsilire
1075 715 1191 785 posset,
1205 698 1293 786 quod
1315 698 1368 763 alii

268 803 411 867 Vulcano
424 801 633 867 tribuebant&

311 905 436 968 Irarum
458 902 551 968 Jovis
571 903 604 968 in
630 902 853 968 Prometheum
880 923 983 965 causae
1008 901 1147 980 fuerunt,
1175 902 1263 965 fraus
1288 902 1369 966 Pro·

267 1004 382 1070 mathei
403 1004 435 1068 in
456 1004 597 1069 carnium
621 1005 799 1093 partitione,
815 1001 911 1066 nimia
932 1001 963 1065 in
987 1001 1127 1067 homines
1142 1003 1369 1083 benevolentia,

268 1108 349 1196 ignis
362 1107 516 1173 furtumb.

312 1212 364 1275 De
377 1232 471 1297 poena
484 1209 564 1294 ejus,
579 1222 694 1295 praeter
708 1204 910 1293 AElschylum,
926 1204 982 1291 qui
1003 1206 1229 1292 primumcum
1243 1208 1277 1271 in
1294 1211 1370 1295 Scy-

269 1312 353 1377 thico
367 1311 490 1376 deserto
510 1310 652 1387 affixum,
675 1308 788 1374 deinde
810 1306 869 1370 sub
893 1322 1006 1371 terram
1028 1306 1197 1392 dejectum,
1221 1323 1294 1397 post
1314 1311 1371 1376 ite·

268 1437 339 1479 rum
354 1414 386 1478 in
398 1413 498 1478 lucem
515 1427 708 1499 protractum
730 1426 826 1498 atque
842 1410 883 1474 ad
900 1412 1077 1474 Caucasum
1096 1410 1257 1498 alligatum
1273 1414 1371 1479 fuisse

268 1513 400 1601 scripsit,
415 1512 526 1599 reliqui
543 1535 649 1578 omnes
663 1535 735 1577 eum
750 1512 782 1576 in
799 1515 941 1578 Caucaso
955 1512 1095 1577 vinctum
1112 1514 1307 1600 perhibente.

313 1615 585 1680 “Observandum
602 1638 687 1692 vero,
704 1615 838 1680 duos'ab
853 1613 1006 1679 historicis
1022 1616 1179 1679 Caucasus
1193 1617 1369 1695 memorari,

269 1740 405 1805 quorum
426 1717 505 1783 alter
521 1716 687 1782 Colchicus
708 1717 758 1796 sit,
780 1719 858 1781 alter
880 1714 1019 1795 Indicus,
1034 1731 1067 1780 et
1088 1717 1215 1804 utrique
1229 1719 1370 1785 fabulam

268 1821 348 1885 hanc
363 1820 404 1885 de
418 1819 608 1885 Prometheo
621 1819 662 1883 ab
676 1818 834 1905 aliquibus
847 1816 1006 1903 assignari.
1040 1820 1085 1882 At
1099 1819 1186 1905 quod
1200 1819 1241 1885 de
1257 1821 1371 1887 Indico

268 1937 424 2002 narratur,
438 1921 567 1986 omnino
581 1936 791 1986 commentum
807 1935 865 1997 est,
880 1919 921 1983 ab
935 1921 1179 1985 assentatoribus
1192 1920 1371 1988 Alexandri

267 2025 435 2092 certissime
457 2025 634 2089 confictum.
679 2025 762 2087 Nam
789 2020 980 2086 Macedones
1006 2038 1142 2087 montem
1165 2046 1250 2101 eum,
1273 2048 1368 2111 quem

269 2128 454 2195 Alexander
481 2149 552 2192 cum
580 2126 718 2191 exercitu
747 2125 916 2212 superavit,
947 2127 1122 2190 Caucasum
1154 2128 1368 2209 nominarunt,
1391 2211 1394 2216 Ι

270 2232 346 2314 άπερ
365 2234 395 2296 ol
413 2231 565 2314 ἐπιχάριοι
585 2232 659 2293 sord
679 2227 770 2309 μέρος
791 2228 1010 2308 Παροπάμισόν
1031 2255 1064 2293 τε
1084 2230 1133 2294 καὶ
1152 2227 1303 2310 Ἠμωδὸν,
1321 2233 1370 2297 καὶ

264 2332 382 2415 Ἴμαον,
405 2336 453 2398 καὶ
478 2334 560 2399 maa
584 2329 771 2412 ὀνομάζουσι,
799 2334 974 2399 Μακεδόνες
1000 2333 1033 2396 δέ
1058 2334 1230 2410 Καύκασον,
1255 2334 1370 2398 Strabo

267 2434 357 2521 l.15.
396 2435 460 2514 Qui
479 2432 698 2498 Alexandrum
721 2432 802 2496 inter
823 2434 910 2496 Deos
931 2433 1047 2497 referre
1066 2433 1246 2518 cupiebant,
1264 2435 1370 2501 omnia

268 2538 310 2602 de
325 2537 450 2601 Baccho
464 2552 495 2601 et
511 2534 651 2624 Hercule
664 2533 705 2597 ad
720 2555 792 2596 eum
808 2536 1054 2610 transferebant3
1078 2535 1249 2623 quinetiam
1265 2536 1369 2602 locum

268 2639 372 2726 ipsum
387 2636 602 2714 ostendebant,
618 2657 683 2721 quo
698 2635 906 2700 Prometheus
925 2637 1048 2703 vinctus
1062 2637 1111 2702 sit.
1157 2638 1262 2703 Strab.
1278 2639 1298 2704 l.
1320 2656 1369 2724 15.

270 2743 381 2807 ἰδόντες
395 2738 545 2818 σπήλαιον
560 2741 669 2804 ἐντοῖς
683 2740 971 2818 Παροπαμμισάδαις
986 2740 1067 2821 ἱερὸν
1080 2744 1167 2803 τοῦτο
1182 2743 1368 2820 ἐνεδείξαντο

269 2841 449 2922 Προμηθέος
464 2838 672 2921 δεσμωτήριον.
707 2839 836 2904 Arrian.
854 2840 941 2926 Exp.
958 2839 1012 2904 Al.
1027 2857 1058 2925 5.
1074 2842 1207 2921 Φημίσαι
1221 2844 1267 2906 ότι
1281 2849 1369 2908 τοῦτο

269 2946 327 3025 ἄρα
344 2943 382 3022 ἦν
400 2947 452 3005 τοῦ
474 2942 656 3023 Προμηθέως
678 2943 712 3007 τὸ
735 2945 853 3024 ἄντρον,
877 2944 927 3006 ἵνα
947 2941 1073 3006 έδέδετο·
1098 2944 1147 3006 καὶ
1170 2944 1301 3023 δάετδς,
1323 2948 1370 3010 δτι

269 3047 369 3110 ἐκεῖσε
392 3045 508 3126 ἐφοίτα,
525 3045 703 3124 δαισόμενος
723 3050 783 3108 τῶν
797 3044 985 3127 σπλάγχνων
1002 3049 1055 3109 τοῦ
1069 3045 1259 3126 Προμηθέως·
1281 3048 1330 3111 καὶ
1351 3050 1369 3110 ό

267 3146 421 3229 Ἡρακλῆς
439 3148 486 3210 ότι
507 3147 607 3210 ἐκεῖσε
629 3147 819 3228 ἀφικόμενος,
835 3148 888 3209 τόν
909 3170 943 3209 τε
964 3145 1054 3210 άετδν
1073 3146 1227 3211 ἀπέκτεινε
1249 3147 1370 3212 καὶτὸν

270 3247 432 3330 Προμηθέα
453 3253 512 3313 τῶν
531 3252 649 3329 δεσμῶν
671 3248 814 3313 ἀπέλυσε.
860 3251 933 3312 Ηοο
954 3248 1060 3334 itaque
1082 3249 1210 3313 omnino
1228 3249 1369 3334 rejicien-

268 3351 357 3430 dum,
373 3365 483 3438 utpote
504 3374 524 3415 a
545 3350 631 3414 foeda
647 3367 678 3415 et
692 3350 836 3437 imperita
850 3350 1056 3414 assentatione
1078 3352 1265 3437 profectum,
1281 3353 1369 3438 quod

268 3454 386 3541 optime
409 3455 522 3518 Strabo
536 3453 713 3517 observavit
734 3453 755 3518 l.
774 3474 842 3518 11.:
867 3454 885 3532 ἡ
900 3451 973 3530 δόξα
988 3458 1040 3516 τοῦ
1056 3455 1141 3535 όρους
1163 3455 1212 3518 καὶ
1225 3457 1368 3535 τοῦνομα,

269 3557 317 3621 καὶ
331 3556 365 3619 τὸ
381 3556 433 3618 τδν
447 3554 610 3636 Προμηθέα
622 3558 843 3637 παραδεδόσθαι
858 3556 1017 3635 δεδεμένον
1032 3559 1065 3620 έν
1079 3562 1142 3623 τοῖς
1164 3557 1304 3640 ἐσχάτοις
1317 3563 1370 3638 τῆς

268 3660 323 3738 γῆς
337 3659 371 3719 έν
385 3660 425 3740 τῷ
437 3654 594 3740 Καυκάσῳ,
609 3659 782 3737 χαριεῖσθαί
799 3683 827 3720 τι
845 3661 886 3740 τῷ
900 3663 1029 3736 βασιλεῖ
1047 3656 1216 3738 ὑπέλαβον·
1238 3663 1370 3741 τοῦνομα

267 3764 319 3822 τοῦ
334 3759 420 3839 όρονς
432 3754 663 3837 μετενέγκαντες
678 3759 719 3823 εἰς
732 3758 787 3835 τὴν
799 3757 955 3836 Ἰνδικήν.”
978 3760 1102 3824 STAN
1106 3762 1145 3823 L.

311 3857 500 3945 Allegoricae
521 3856 638 3921 fabulae
653 3858 832 3922 Promethei
854 3859 1123 3946 interpretationes
1144 3862 1254 3945 mttltae
1268 3865 1367 3930 fuere.

299 4109 313 4138 ⁸
325 4099 464 4162 Apollodor.
479 4116 501 4162 r,
514 4115 536 4163 3,
546 4099 569 4150 ό.

298 4180 313 4218 ts
325 4180 364 4228 Cf.
375 4191 462 4244 prator
473 4183 615 4247 AEacbylum
627 4191 737 4230 nostnrm
749 4182 847 4231 Hosiod.
857 4182 883 4231 ll.
895 4198 968 4245 supra
978 4197 1012 4232 cc.
1025 4183 1160 4246 Apollodor.
1171 4199 1192 4244 r,
1204 4197 1226 4247 7,
1240 4201 1259 4234 ι.
1271 4187 1368 4252 Hygin.

265 4261 284 4309 l.
294 4277 315 4309 c.
326 4272 351 4310 ct
361 4263 409 4309 ssb.
423 4275 476 4321 144.
489 4264 555 4311 Serv.
568 4265 598 4311 ad
611 4263 697 4325 Virgil.
711 4263 794 4326 Eclog.
803 4263 827 4322 6,
839 4274 879 4320 4ο.
893 4264 994 4312 Lucian.
1010 4263 1036 4310 in
1055 4264 1177 4315 Prometh.
1189 4267 1230 4329 qui
1246 4277 1273 4318 et
1289 4269 1369 4319 homi.

266 4354 326 4387 num
337 4340 480 4389 mdoncm
492 4341 556 4390 inter
565 4345 618 4403 ojus
629 4341 730 4391 crimina
741 4351 903 4390 recensentem
913 4342 1007 4390 inducit
1020 4342 1178 4392 Mercurium.

299 4431 312 4459 c
327 4421 396 4470 lotar
406 4436 465 4483 quos
475 4431 562 4485 prater
571 4438 619 4481 aas,
631 4438 691 4485 quos
702 4422 768 4470 int‘rc
777 4421 937 4482 laudabimus,
949 4422 1093 4484 Apollonius
1106 4426 1185 4475 lthod.
1197 4440 1218 4489 ι,
1234 4443 1297 4492 ¹247
1306 4447 1369 4496 sqq„

267 4501 348 4553 νὼ·
362 4501 439 4552 nm·
452 4514 476 4566 5³
489 4515 533 4567 ¹⁵5
545 4519 596 4566 “lq-
