<?xml version="1.0" encoding="UTF-8"?>
<!DOCTYPE html PUBLIC "-//W3C//DTD XHTML 1.0 Transitional//EN"
    "http://www.w3.org/TR/xhtml1/DTD/xhtml1-transitional.dtd">
<html xmlns="http://www.w3.org/1999/xhtml" xml:lang="en" lang="en">
 <head>
  <title>
</title>
<meta http-equiv="Content-Type" content="text/html;charset=utf-8" />
  <meta name='ocr-system' content='tesseract 3.04.00' />
  <meta name='ocr-capabilities' content='ocr_page ocr_carea ocr_par ocr_line ocrx_word'/>
</head>
<body>
  <div class='ocr_page' id='page_1' title='image "./tragoediaesuper02aescgoog_0174.png"; bbox 0 0 2978 5062; ppageno 0'>
   <div class='ocr_carea' id='block_1_1' title="bbox 336 354 1277 424">
    <p class='ocr_par' dir='ltr' id='par_1_1' title="bbox 336 354 1277 424">
     <span class='ocr_line' id='line_1_1' title="bbox 336 354 1277 424; baseline -0.003 0"><span class='ocrx_word' id='word_1_1' title='bbox 336 359 405 424; x_wconf 86' lang='lat' dir='ltr'><strong>An</strong></span> <span class='ocrx_word' id='word_1_2' title='bbox 428 358 620 424; x_wconf 84' lang='lat' dir='ltr'><strong>SEPTEM</strong></span> <span class='ocrx_word' id='word_1_3' title='bbox 642 359 891 424; x_wconf 83' lang='lat' dir='ltr'>ADVERSUS</span> <span class='ocrx_word' id='word_1_4' title='bbox 914 357 1117 424; x_wconf 87' lang='lat' dir='ltr'><strong>THEBAS.</strong></span> <span class='ocrx_word' id='word_1_5' title='bbox 1214 354 1277 421; x_wconf 80' lang='lat'><strong>165</strong></span> 
     </span>
    </p>
   </div>
   <div class='ocr_carea' id='block_1_2' title="bbox 179 525 1284 4568">
    <p class='ocr_par' dir='ltr' id='par_1_2' title="bbox 179 525 1278 814">
     <span class='ocr_line' id='line_1_2' title="bbox 179 525 1277 616; baseline -0.003 -22"><span class='ocrx_word' id='word_1_6' title='bbox 179 528 301 594; x_wconf 89' lang='lat' dir='ltr'><strong>codices</strong></span> <span class='ocrx_word' id='word_1_7' title='bbox 321 544 437 614; x_wconf 84' lang='lat' dir='ltr'><strong>praeter</strong></span> <span class='ocrx_word' id='word_1_8' title='bbox 450 530 537 594; x_wconf 71' lang='lat' dir='ltr'><strong>Am.</strong></span> <span class='ocrx_word' id='word_1_9' title='bbox 560 527 699 614; x_wconf 81' lang='lat' dir='ltr'><strong>aliosque</strong></span> <span class='ocrx_word' id='word_1_10' title='bbox 720 550 848 616; x_wconf 84' lang='lat' dir='ltr'><strong>pauens,</strong></span> <span class='ocrx_word' id='word_1_11' title='bbox 865 525 1030 615; x_wconf 88' lang='lat' dir='ltr'><strong>inquibus</strong></span> <span class='ocrx_word' id='word_1_12' title='bbox 1051 529 1085 592; x_wconf 69' lang='grc' dir='ltr'><strong>δὲ</strong></span> <span class='ocrx_word' id='word_1_13' title='bbox 1102 533 1203 593; x_wconf 84' lang='grc' dir='ltr'>πιπνεῖ</span> <span class='ocrx_word' id='word_1_14' title='bbox 1220 540 1277 592; x_wconf 87' lang='lat' dir='ltr'><strong>est.</strong></span> 
     </span>
     <span class='ocr_line' id='line_1_3' title="bbox 180 627 1278 716; baseline 0 -23"><span class='ocrx_word' id='word_1_15' title='bbox 180 629 277 716; x_wconf 91' lang='lat' dir='ltr'><strong>Soph.</strong></span> <span class='ocrx_word' id='word_1_16' title='bbox 301 629 412 716; x_wconf 86' lang='lat' dir='ltr'><strong>Antig.</strong></span> <span class='ocrx_word' id='word_1_17' title='bbox 435 648 505 716; x_wconf 80' lang='grc'><strong>133.</strong></span> <span class='ocrx_word' id='word_1_18' title='bbox 525 628 718 716; x_wconf 85' lang='lat' dir='ltr'><strong>comparavit</strong></span> <span class='ocrx_word' id='word_1_19' title='bbox 737 627 953 707; x_wconf 85' lang='lat' dir='ltr'><strong>Blomlieldus,</strong></span> <span class='ocrx_word' id='word_1_20' title='bbox 976 627 1010 697; x_wconf 85' lang='grc' dir='ltr'>δς</span> <span class='ocrx_word' id='word_1_21' title='bbox 1027 630 1096 693; x_wconf 87' lang='grc' dir='ltr'>τότε</span> <span class='ocrx_word' id='word_1_22' title='bbox 1114 628 1278 714; x_wconf 72' lang='grc' dir='ltr'>μαινομένᾳ</span> 
     </span>
     <span class='ocr_line' id='line_1_4' title="bbox 179 729 1046 814; baseline -0.002 -19"><span class='ocrx_word' id='word_1_23' title='bbox 179 730 232 810; x_wconf 64' lang='lat' dir='ltr'><strong>flur</strong></span> <span class='ocrx_word' id='word_1_24' title='bbox 246 733 323 813; x_wconf 78' lang='grc' dir='ltr'>ὁρμᾷ</span> <span class='ocrx_word' id='word_1_25' title='bbox 336 732 496 814; x_wconf 77' lang='grc' dir='ltr'>βακχεύων</span> <span class='ocrx_word' id='word_1_26' title='bbox 510 729 632 795; x_wconf 72' lang='grc' dir='ltr'>ἐπέπνει</span> <span class='ocrx_word' id='word_1_27' title='bbox 645 733 745 812; x_wconf 81' lang='grc' dir='ltr'>ῥιπαῖς</span> <span class='ocrx_word' id='word_1_28' title='bbox 760 731 907 813; x_wconf 67' lang='grc' dir='ltr'>ἐχθίσταν</span> <span class='ocrx_word' id='word_1_29' title='bbox 921 729 1046 810; x_wconf 59' lang='lat' dir='ltr'><strong>dripere.</strong></span> 
     </span>
    </p>

    <p class='ocr_par' dir='ltr' id='par_1_3' title="bbox 179 830 1278 1326">
     <span class='ocr_line' id='line_1_5' title="bbox 222 830 1277 918; baseline 0 -24"><span class='ocrx_word' id='word_1_30' title='bbox 222 833 620 918; x_wconf 80' lang='lat'><strong>345-356=357-368.</strong></span> <span class='ocrx_word' id='word_1_31' title='bbox 643 833 761 895; x_wconf 80' lang='lat' dir='ltr'>Versus</span> <span class='ocrx_word' id='word_1_32' title='bbox 782 831 815 896; x_wconf 89' lang='lat' dir='ltr'><strong>in</strong></span> <span class='ocrx_word' id='word_1_33' title='bbox 842 830 918 895; x_wconf 89' lang='lat' dir='ltr'><strong>Ald.</strong></span> <span class='ocrx_word' id='word_1_34' title='bbox 945 831 988 895; x_wconf 86' lang='lat' dir='ltr'><strong>sic</strong></span> <span class='ocrx_word' id='word_1_35' title='bbox 1014 830 1116 908; x_wconf 76' lang='lat' dir='ltr'><strong>dirisi,</strong></span> <span class='ocrx_word' id='word_1_36' title='bbox 1141 856 1277 913; x_wconf 76' lang='grc' dir='ltr'>κορκορυ-</span> 
     </span>
     <span class='ocr_line' id='line_1_6' title="bbox 180 930 1277 1021; baseline -0.005 -4"><span class='ocrx_word' id='word_1_37' title='bbox 180 932 348 1021; x_wconf 67' lang='lat' dir='ltr'><strong>yut-18</strong></span> <span class='ocrx_word' id='word_1_38' title='bbox 378 933 536 1017; x_wconf 68' lang='grc' dir='ltr'>ὅνύνι-</span> <span class='ocrx_word' id='word_1_39' title='bbox 553 933 560 1019; x_wconf 95' lang='lat' dir='ltr'><strong>l</strong></span> <span class='ocrx_word' id='word_1_40' title='bbox 579 932 604 998; x_wconf 74' lang='grc' dir='ltr'><strong>δ’</strong></span> <span class='ocrx_word' id='word_1_41' title='bbox 630 933 752 1016; x_wconf 71' lang='grc' dir='ltr'>ἃνδν-</span> <span class='ocrx_word' id='word_1_42' title='bbox 769 935 776 1016; x_wconf 91' lang='grc' dir='ltr'>Ι</span> <span class='ocrx_word' id='word_1_43' title='bbox 794 939 905 997; x_wconf 59' lang='lat'><strong>1⁸²¹-</strong></span> <span class='ocrx_word' id='word_1_44' title='bbox 922 930 928 1019; x_wconf 93' lang='lat' dir='ltr'><strong>l</strong></span> <span class='ocrx_word' id='word_1_45' title='bbox 946 933 1122 1015; x_wconf 59' lang='grc' dir='ltr'><strong>δκοιναὶ--</strong></span> <span class='ocrx_word' id='word_1_46' title='bbox 1140 931 1146 1020; x_wconf 98' lang='grc' dir='ltr'>Ι</span> <span class='ocrx_word' id='word_1_47' title='bbox 1164 940 1277 1013; x_wconf 63' lang='lat' dir='ltr'><strong>tviss-</strong></span> 
     </span>
     <span class='ocr_line' id='line_1_7' title="bbox 180 1032 1278 1123; baseline -0.003 -21"><span class='ocrx_word' id='word_1_48' title='bbox 180 1043 273 1102; x_wconf 79' lang='grc' dir='ltr'><strong>λεῖ-</strong></span> <span class='ocrx_word' id='word_1_49' title='bbox 291 1034 298 1123; x_wconf 90' lang='grc' dir='ltr'>Ι</span> <span class='ocrx_word' id='word_1_50' title='bbox 316 1038 365 1101; x_wconf 69' lang='grc' dir='ltr'>καὶ</span> <span class='ocrx_word' id='word_1_51' title='bbox 384 1035 511 1103; x_wconf 86' lang='grc' dir='ltr'>κενδς-</span> <span class='ocrx_word' id='word_1_52' title='bbox 530 1032 536 1121; x_wconf 94' lang='grc' dir='ltr'>Ι</span> <span class='ocrx_word' id='word_1_53' title='bbox 554 1037 743 1115; x_wconf 75' lang='grc' dir='ltr'>ξύννομον-</span> <span class='ocrx_word' id='word_1_54' title='bbox 760 1037 767 1118; x_wconf 88' lang='grc' dir='ltr'>Ι</span> <span class='ocrx_word' id='word_1_55' title='bbox 785 1036 853 1099; x_wconf 83' lang='grc' dir='ltr'>ούτε</span> <span class='ocrx_word' id='word_1_56' title='bbox 873 1060 950 1114; x_wconf 88' lang='grc' dir='ltr'>μ.-</span> <span class='ocrx_word' id='word_1_57' title='bbox 967 1035 974 1115; x_wconf 93' lang='grc' dir='ltr'>Ι</span> <span class='ocrx_word' id='word_1_58' title='bbox 991 1032 1089 1098; x_wconf 81' lang='grc' dir='ltr'>τίν’-</span> <span class='ocrx_word' id='word_1_59' title='bbox 1108 1032 1114 1120; x_wconf 92' lang='grc' dir='ltr'>Ι</span> <span class='ocrx_word' id='word_1_60' title='bbox 1132 1039 1278 1099; x_wconf 86' lang='grc' dir='ltr'>παντοδα-</span> 
     </span>
     <span class='ocr_line' id='line_1_8' title="bbox 179 1133 1275 1224; baseline -0.004 -20"><span class='ocrx_word' id='word_1_61' title='bbox 179 1138 283 1206; x_wconf 79' lang='lat' dir='ltr'><strong>sede-</strong></span> <span class='ocrx_word' id='word_1_62' title='bbox 300 1136 307 1224; x_wconf 96' lang='grc' dir='ltr'>Ι</span> <span class='ocrx_word' id='word_1_63' title='bbox 326 1139 501 1219; x_wconf 82' lang='grc' dir='ltr'>δλγύνει-</span> <span class='ocrx_word' id='word_1_64' title='bbox 518 1135 525 1222; x_wconf 94' lang='grc' dir='ltr'>Ι</span> <span class='ocrx_word' id='word_1_65' title='bbox 543 1139 692 1201; x_wconf 79' lang='grc' dir='ltr'>πολλδ-</span> <span class='ocrx_word' id='word_1_66' title='bbox 712 1134 718 1223; x_wconf 94' lang='grc' dir='ltr'>Ι</span> <span class='ocrx_word' id='word_1_67' title='bbox 737 1137 948 1204; x_wconf 81' lang='grc' dir='ltr'>ούτιδανοῖς-</span> <span class='ocrx_word' id='word_1_68' title='bbox 968 1133 975 1222; x_wconf 92' lang='grc' dir='ltr'>Ι</span> <span class='ocrx_word' id='word_1_69' title='bbox 993 1133 1163 1216; x_wconf 66' lang='grc' dir='ltr'>δμοίδες-</span> <span class='ocrx_word' id='word_1_70' title='bbox 1180 1133 1186 1222; x_wconf 94' lang='grc' dir='ltr'>Ι</span> <span class='ocrx_word' id='word_1_71' title='bbox 1204 1135 1275 1215; x_wconf 74' lang='grc' dir='ltr'>τλή-</span> 
     </span>
     <span class='ocr_line' id='line_1_9' title="bbox 180 1235 1079 1326; baseline -0.002 -23"><span class='ocrx_word' id='word_1_72' title='bbox 180 1264 314 1318; x_wconf 81' lang='grc' dir='ltr'>μονες-</span> <span class='ocrx_word' id='word_1_73' title='bbox 332 1238 338 1326; x_wconf 95' lang='grc' dir='ltr'>Ι</span> <span class='ocrx_word' id='word_1_74' title='bbox 358 1240 593 1322; x_wconf 74' lang='grc' dir='ltr'>εύηνχοΰντος-</span> <span class='ocrx_word' id='word_1_75' title='bbox 610 1236 616 1322; x_wconf 93' lang='grc' dir='ltr'>Ι</span> <span class='ocrx_word' id='word_1_76' title='bbox 635 1238 765 1304; x_wconf 75' lang='grc' dir='ltr'>ἑλπίς-</span> <span class='ocrx_word' id='word_1_77' title='bbox 782 1235 789 1323; x_wconf 97' lang='grc' dir='ltr'>Ι</span> <span class='ocrx_word' id='word_1_78' title='bbox 808 1238 1079 1318; x_wconf 83' lang='grc' dir='ltr'>παγκλαύστινν-.</span> 
     </span>
    </p>

    <p class='ocr_par' dir='ltr' id='par_1_4' title="bbox 180 1337 1279 1830">
     <span class='ocr_line' id='line_1_10' title="bbox 224 1337 1277 1425; baseline -0.001 -21"><span class='ocrx_word' id='word_1_79' title='bbox 224 1357 298 1425; x_wconf 83' lang='lat'><strong>345.</strong></span> <span class='ocrx_word' id='word_1_80' title='bbox 313 1341 387 1425; x_wconf 80' lang='lat'><strong>346.</strong></span> <span class='ocrx_word' id='word_1_81' title='bbox 403 1354 435 1404; x_wconf 88' lang='lat' dir='ltr'><strong>et</strong></span> <span class='ocrx_word' id='word_1_82' title='bbox 449 1339 482 1401; x_wconf 91' lang='lat' dir='ltr'><strong>in</strong></span> <span class='ocrx_word' id='word_1_83' title='bbox 497 1337 692 1424; x_wconf 86' lang='lat' dir='ltr'><strong>antistrophe</strong></span> <span class='ocrx_word' id='word_1_84' title='bbox 706 1355 781 1422; x_wconf 83' lang='lat'><strong>357.</strong></span> <span class='ocrx_word' id='word_1_85' title='bbox 794 1338 868 1423; x_wconf 84' lang='lat'><strong>358.</strong></span> <span class='ocrx_word' id='word_1_86' title='bbox 887 1337 918 1401; x_wconf 92' lang='lat' dir='ltr'><strong>io</strong></span> <span class='ocrx_word' id='word_1_87' title='bbox 941 1360 1039 1402; x_wconf 89' lang='lat' dir='ltr'><strong>unum</strong></span> <span class='ocrx_word' id='word_1_88' title='bbox 1054 1337 1277 1425; x_wconf 81' lang='lat' dir='ltr'><strong>conjungendi,</strong></span> 
     </span>
     <span class='ocr_line' id='line_1_11' title="bbox 180 1439 1279 1527; baseline 0.005 -23"><span class='ocrx_word' id='word_1_89' title='bbox 180 1441 238 1527; x_wconf 92' lang='lat' dir='ltr'><strong>qni</strong></span> <span class='ocrx_word' id='word_1_90' title='bbox 266 1439 466 1505; x_wconf 75' lang='lat' dir='ltr'><strong>dochmiacae</strong></span> <span class='ocrx_word' id='word_1_91' title='bbox 496 1453 543 1504; x_wconf 88' lang='lat' dir='ltr'><strong>est</strong></span> <span class='ocrx_word' id='word_1_92' title='bbox 572 1460 645 1504; x_wconf 86' lang='lat' dir='ltr'><strong>cum</strong></span> <span class='ocrx_word' id='word_1_93' title='bbox 675 1439 821 1518; x_wconf 78' lang='lat' dir='ltr'><strong>molosso,</strong></span> <span class='ocrx_word' id='word_1_94' title='bbox 850 1439 937 1525; x_wconf 92' lang='lat' dir='ltr'><strong>quod</strong></span> <span class='ocrx_word' id='word_1_95' title='bbox 967 1439 1046 1504; x_wconf 87' lang='lat' dir='ltr'><strong>vidit</strong></span> <span class='ocrx_word' id='word_1_96' title='bbox 1074 1441 1279 1509; x_wconf 75' lang='lat' dir='ltr'><strong>Hermanno·</strong></span> 
     </span>
     <span class='ocr_line' id='line_1_12' title="bbox 182 1540 1279 1629; baseline 0.001 -24"><span class='ocrx_word' id='word_1_97' title='bbox 182 1541 286 1605; x_wconf 86' lang='lat' dir='ltr'><strong>Elem.</strong></span> <span class='ocrx_word' id='word_1_98' title='bbox 302 1541 401 1606; x_wconf 84' lang='lat' dir='ltr'><strong>doctr.</strong></span> <span class='ocrx_word' id='word_1_99' title='bbox 417 1554 507 1605; x_wconf 87' lang='lat' dir='ltr'><strong>metr.</strong></span> <span class='ocrx_word' id='word_1_100' title='bbox 522 1563 556 1629; x_wconf 91' lang='lat' dir='ltr'><strong>p.</strong></span> <span class='ocrx_word' id='word_1_101' title='bbox 573 1559 663 1626; x_wconf 81' lang='lat'><strong>233.:</strong></span> <span class='ocrx_word' id='word_1_102' title='bbox 684 1540 742 1604; x_wconf 88' lang='lat' dir='ltr'><strong>nisi</strong></span> <span class='ocrx_word' id='word_1_103' title='bbox 757 1540 828 1627; x_wconf 86' lang='lat' dir='ltr'><strong>quis</strong></span> <span class='ocrx_word' id='word_1_104' title='bbox 842 1540 1010 1606; x_wconf 77' lang='lat' dir='ltr'><strong>molossum</strong></span> <span class='ocrx_word' id='word_1_105' title='bbox 1024 1541 1118 1606; x_wconf 88' lang='lat' dir='ltr'><strong>istum</strong></span> <span class='ocrx_word' id='word_1_106' title='bbox 1134 1541 1279 1628; x_wconf 86' lang='lat' dir='ltr'><strong>proximo</strong></span> 
     </span>
     <span class='ocr_line' id='line_1_13' title="bbox 180 1639 1278 1729; baseline 0.002 -23"><span class='ocrx_word' id='word_1_107' title='bbox 180 1641 356 1707; x_wconf 75' lang='lat' dir='ltr'><strong>adscribere</strong></span> <span class='ocrx_word' id='word_1_108' title='bbox 376 1640 480 1706; x_wconf 85' lang='lat' dir='ltr'><strong>versui</strong></span> <span class='ocrx_word' id='word_1_109' title='bbox 506 1639 605 1718; x_wconf 85' lang='lat' dir='ltr'><strong>malit,</strong></span> <span class='ocrx_word' id='word_1_110' title='bbox 627 1639 684 1726; x_wconf 91' lang='lat' dir='ltr'><strong>qui</strong></span> <span class='ocrx_word' id='word_1_111' title='bbox 708 1640 769 1706; x_wconf 91' lang='lat' dir='ltr'><strong>hoc</strong></span> <span class='ocrx_word' id='word_1_112' title='bbox 787 1656 880 1729; x_wconf 89' lang='lat' dir='ltr'><strong>pacto</strong></span> <span class='ocrx_word' id='word_1_113' title='bbox 904 1665 944 1707; x_wconf 88' lang='lat' dir='ltr'><strong>ex</strong></span> <span class='ocrx_word' id='word_1_114' title='bbox 969 1642 1095 1708; x_wconf 89' lang='lat' dir='ltr'><strong>duobus</strong></span> <span class='ocrx_word' id='word_1_115' title='bbox 1114 1642 1278 1722; x_wconf 84' lang='lat' dir='ltr'><strong>dochmiie,</strong></span> 
     </span>
     <span class='ocr_line' id='line_1_14' title="bbox 181 1740 660 1830; baseline 0 -23"><span class='ocrx_word' id='word_1_116' title='bbox 181 1743 294 1808; x_wconf 87' lang='lat' dir='ltr'><strong>cretico</strong></span> <span class='ocrx_word' id='word_1_117' title='bbox 307 1743 482 1830; x_wconf 81' lang='lat' dir='ltr'><strong>interjecto,</strong></span> <span class='ocrx_word' id='word_1_118' title='bbox 496 1740 660 1807; x_wconf 85' lang='lat' dir='ltr'><strong>constabit.</strong></span> 
     </span>
    </p>

    <p class='ocr_par' dir='ltr' id='par_1_5' title="bbox 224 1841 727 1930">
     <span class='ocr_line' id='line_1_15' title="bbox 224 1841 727 1930; baseline -0.004 -22"><span class='ocrx_word' id='word_1_119' title='bbox 224 1862 298 1930; x_wconf 84' lang='lat'><strong>345.</strong></span> <span class='ocrx_word' id='word_1_120' title='bbox 314 1845 372 1929; x_wconf 80' lang='grc' dir='ltr'>ἀν’]</span> <span class='ocrx_word' id='word_1_121' title='bbox 388 1846 446 1908; x_wconf 75' lang='lat' dir='ltr'><strong>ded</strong></span> <span class='ocrx_word' id='word_1_122' title='bbox 461 1844 513 1907; x_wconf 92' lang='grc' dir='ltr'><strong>Μ.</strong></span> <span class='ocrx_word' id='word_1_123' title='bbox 529 1841 608 1907; x_wconf 88' lang='lat' dir='ltr'><strong>Ald.</strong></span> <span class='ocrx_word' id='word_1_124' title='bbox 623 1842 727 1906; x_wconf 87' lang='lat' dir='ltr'><strong>Turn.</strong></span> 
     </span>
    </p>

    <p class='ocr_par' dir='ltr' id='par_1_6' title="bbox 182 1941 1281 2416">
     <span class='ocr_line' id='line_1_16' title="bbox 226 1941 1279 2033; baseline 0 -24"><span class='ocrx_word' id='word_1_125' title='bbox 226 1946 415 2033; x_wconf 72' lang='grc' dir='ltr'>κορκορυγαὶ]</span> <span class='ocrx_word' id='word_1_126' title='bbox 439 1945 610 2033; x_wconf 74' lang='lat' dir='ltr'><strong>Strepitue.</strong></span> <span class='ocrx_word' id='word_1_127' title='bbox 638 1941 741 2007; x_wconf 88' lang='lat' dir='ltr'><strong>Schol.</strong></span> <span class='ocrx_word' id='word_1_128' title='bbox 767 1947 950 2027; x_wconf 78' lang='grc' dir='ltr'>κορκορυγαύ.</span> <span class='ocrx_word' id='word_1_129' title='bbox 973 1944 1177 2031; x_wconf 57' lang='grc' dir='ltr'>κεκωμῴδηται</span> <span class='ocrx_word' id='word_1_130' title='bbox 1202 1947 1235 2011; x_wconf 72' lang='grc' dir='ltr'><strong>δὲ</strong></span> <span class='ocrx_word' id='word_1_131' title='bbox 1259 1947 1279 2027; x_wconf 84' lang='grc' dir='ltr'><strong><em>ἡ</em></strong></span> 
     </span>
     <span class='ocr_line' id='line_1_17' title="bbox 182 2043 1279 2132; baseline -0.001 -21"><span class='ocrx_word' id='word_1_132' title='bbox 182 2046 271 2126; x_wconf 74' lang='grc' dir='ltr'>λέξις.</span> <span class='ocrx_word' id='word_1_133' title='bbox 293 2045 334 2110; x_wconf 90' lang='lat' dir='ltr'><strong>ab</strong></span> <span class='ocrx_word' id='word_1_134' title='bbox 356 2044 570 2132; x_wconf 82' lang='lat' dir='ltr'><strong>Aristophane</strong></span> <span class='ocrx_word' id='word_1_135' title='bbox 593 2043 707 2108; x_wconf 86' lang='lat' dir='ltr'><strong>seilicet</strong></span> <span class='ocrx_word' id='word_1_136' title='bbox 727 2043 759 2107; x_wconf 92' lang='lat' dir='ltr'><strong>in</strong></span> <span class='ocrx_word' id='word_1_137' title='bbox 783 2046 866 2109; x_wconf 89' lang='lat' dir='ltr'><strong>Pace</strong></span> <span class='ocrx_word' id='word_1_138' title='bbox 884 2069 913 2108; x_wconf 86' lang='lat' dir='ltr'><strong>v.</strong></span> <span class='ocrx_word' id='word_1_139' title='bbox 930 2065 1003 2131; x_wconf 89' lang='grc' dir='ltr'><strong>99ι.</strong></span> <span class='ocrx_word' id='word_1_140' title='bbox 1016 2050 1120 2111; x_wconf 83' lang='grc' dir='ltr'>Λῦσον</span> <span class='ocrx_word' id='word_1_141' title='bbox 1133 2048 1166 2109; x_wconf 74' lang='grc' dir='ltr'><strong>δὲ</strong></span> <span class='ocrx_word' id='word_1_142' title='bbox 1179 2046 1279 2129; x_wconf 80' lang='grc' dir='ltr'>μάχας</span> 
     </span>
     <span class='ocr_line' id='line_1_18' title="bbox 183 2145 1281 2234; baseline -0.001 -21"><span class='ocrx_word' id='word_1_143' title='bbox 183 2151 232 2213; x_wconf 77' lang='grc' dir='ltr'>καὶ</span> <span class='ocrx_word' id='word_1_144' title='bbox 254 2145 441 2230; x_wconf 78' lang='grc' dir='ltr'>κορκορυγάς.</span> <span class='ocrx_word' id='word_1_145' title='bbox 464 2146 549 2233; x_wconf 91' lang='lat' dir='ltr'><strong>quod</strong></span> <span class='ocrx_word' id='word_1_146' title='bbox 572 2146 647 2211; x_wconf 86' lang='lat' dir='ltr'><strong>citat</strong></span> <span class='ocrx_word' id='word_1_147' title='bbox 670 2145 784 2210; x_wconf 88' lang='lat' dir='ltr'><strong>Suidas</strong></span> <span class='ocrx_word' id='word_1_148' title='bbox 805 2146 836 2209; x_wconf 90' lang='lat' dir='ltr'><strong>in</strong></span> <span class='ocrx_word' id='word_1_149' title='bbox 859 2168 945 2210; x_wconf 87' lang='lat' dir='ltr'><strong>voce.</strong></span> <span class='ocrx_word' id='word_1_150' title='bbox 970 2146 1102 2234; x_wconf 79' lang='lat' dir='ltr'><strong>Lysistr.</strong></span> <span class='ocrx_word' id='word_1_151' title='bbox 1117 2166 1193 2231; x_wconf 83' lang='lat'><strong>491.</strong></span> <span class='ocrx_word' id='word_1_152' title='bbox 1212 2147 1281 2212; x_wconf 81' lang='grc' dir='ltr'><strong>Ἀεί</strong></span> 
     </span>
     <span class='ocr_line' id='line_1_19' title="bbox 182 2247 1278 2334; baseline 0 -20"><span class='ocrx_word' id='word_1_153' title='bbox 182 2275 249 2314; x_wconf 87' lang='grc' dir='ltr'>τινα</span> <span class='ocrx_word' id='word_1_154' title='bbox 278 2248 459 2332; x_wconf 78' lang='grc' dir='ltr'>κορκορνγῆν</span> <span class='ocrx_word' id='word_1_155' title='bbox 488 2250 607 2313; x_wconf 75' lang='grc' dir='ltr'>ἐκύκων.</span> <span class='ocrx_word' id='word_1_156' title='bbox 653 2247 739 2312; x_wconf 90' lang='lat' dir='ltr'><strong>Hinc</strong></span> <span class='ocrx_word' id='word_1_157' title='bbox 776 2249 1048 2329; x_wconf 67' lang='grc' dir='ltr'>διεκορκορύγησεν.</span> <span class='ocrx_word' id='word_1_158' title='bbox 1087 2249 1172 2313; x_wconf 92' lang='lat' dir='ltr'><strong>Nub.</strong></span> <span class='ocrx_word' id='word_1_159' title='bbox 1201 2250 1278 2334; x_wconf 82' lang='lat'><strong>386.</strong></span> 
     </span>
     <span class='ocr_line' id='line_1_20' title="bbox 183 2351 359 2416; baseline 0 -2"><span class='ocrx_word' id='word_1_160' title='bbox 183 2351 359 2416; x_wconf 88' lang='lat' dir='ltr'><strong>BLOMF.</strong></span> 
     </span>
    </p>

    <p class='ocr_par' dir='ltr' id='par_1_7' title="bbox 223 2448 1266 2537">
     <span class='ocr_line' id='line_1_21' title="bbox 223 2448 1266 2537; baseline -0.002 -22"><span class='ocrx_word' id='word_1_161' title='bbox 223 2453 298 2537; x_wconf 83' lang='lat'><strong>346.</strong></span> <span class='ocrx_word' id='word_1_162' title='bbox 313 2450 393 2536; x_wconf 76' lang='grc' dir='ltr'>ποτὶ]</span> <span class='ocrx_word' id='word_1_163' title='bbox 408 2451 494 2533; x_wconf 78' lang='grc' dir='ltr'>προτὶ</span> <span class='ocrx_word' id='word_1_164' title='bbox 509 2449 557 2513; x_wconf 90' lang='lat' dir='ltr'><strong>vel</strong></span> <span class='ocrx_word' id='word_1_165' title='bbox 572 2448 629 2530; x_wconf 82' lang='grc' dir='ltr'><strong>πρὸ</strong></span> <span class='ocrx_word' id='word_1_166' title='bbox 644 2451 672 2513; x_wconf 86' lang='lat' dir='ltr'><strong>rl</strong></span> <span class='ocrx_word' id='word_1_167' title='bbox 689 2448 797 2514; x_wconf 84' lang='lat' dir='ltr'><strong>Guelf.</strong></span> <span class='ocrx_word' id='word_1_168' title='bbox 811 2463 843 2514; x_wconf 87' lang='lat' dir='ltr'><strong>et</strong></span> <span class='ocrx_word' id='word_1_169' title='bbox 858 2451 959 2514; x_wconf 87' lang='lat' dir='ltr'><strong>Taur.</strong></span> <span class='ocrx_word' id='word_1_170' title='bbox 1263 2533 1266 2536; x_wconf 8' lang='grc' dir='ltr'>Ι</span> 
     </span>
    </p>

    <p class='ocr_par' dir='ltr' id='par_1_8' title="bbox 183 2549 1280 2942">
     <span class='ocr_line' id='line_1_22' title="bbox 225 2549 1277 2639; baseline 0.003 -23"><span class='ocrx_word' id='word_1_171' title='bbox 225 2552 343 2636; x_wconf 85' lang='grc' dir='ltr'>πτόλιν]</span> <span class='ocrx_word' id='word_1_172' title='bbox 366 2551 457 2615; x_wconf 88' lang='lat' dir='ltr'>Libri</span> <span class='ocrx_word' id='word_1_173' title='bbox 478 2550 591 2639; x_wconf 89' lang='lat' dir='ltr'><strong>partim</strong></span> <span class='ocrx_word' id='word_1_174' title='bbox 615 2549 667 2629; x_wconf 89' lang='lat' dir='ltr'><strong>sic,</strong></span> <span class='ocrx_word' id='word_1_175' title='bbox 690 2549 803 2638; x_wconf 88' lang='lat' dir='ltr'><strong>partim</strong></span> <span class='ocrx_word' id='word_1_176' title='bbox 829 2553 930 2626; x_wconf 87' lang='grc' dir='ltr'>πόλιν,</span> <span class='ocrx_word' id='word_1_177' title='bbox 953 2551 1041 2639; x_wconf 93' lang='lat' dir='ltr'><strong>quod</strong></span> <span class='ocrx_word' id='word_1_178' title='bbox 1064 2551 1181 2617; x_wconf 88' lang='lat' dir='ltr'><strong>habent</strong></span> <span class='ocrx_word' id='word_1_179' title='bbox 1200 2553 1277 2620; x_wconf 88' lang='lat' dir='ltr'><strong>Ald.</strong></span> 
     </span>
     <span class='ocr_line' id='line_1_23' title="bbox 183 2651 1280 2721; baseline 0.004 -4"><span class='ocrx_word' id='word_1_180' title='bbox 183 2653 267 2717; x_wconf 81' lang='lat' dir='ltr'><strong>Rob.</strong></span> <span class='ocrx_word' id='word_1_181' title='bbox 298 2651 493 2716; x_wconf 82' lang='lat' dir='ltr'><strong>Vocabulum</strong></span> <span class='ocrx_word' id='word_1_182' title='bbox 518 2651 687 2715; x_wconf 89' lang='lat' dir='ltr'><strong>delendum</strong></span> <span class='ocrx_word' id='word_1_183' title='bbox 717 2674 783 2716; x_wconf 89' lang='lat' dir='ltr'><strong>esse</strong></span> <span class='ocrx_word' id='word_1_184' title='bbox 811 2651 890 2716; x_wconf 86' lang='lat' dir='ltr'><strong>vidit</strong></span> <span class='ocrx_word' id='word_1_185' title='bbox 916 2655 1127 2719; x_wconf 88' lang='lat' dir='ltr'><strong>Hermannus.</strong></span> <span class='ocrx_word' id='word_1_186' title='bbox 1165 2655 1280 2721; x_wconf 88' lang='lat' dir='ltr'><strong>Deleto</strong></span> 
     </span>
     <span class='ocr_line' id='line_1_24' title="bbox 183 2752 1279 2843; baseline 0.005 -26"><span class='ocrx_word' id='word_1_187' title='bbox 183 2771 287 2819; x_wconf 84' lang='lat' dir='ltr'><strong>nutem</strong></span> <span class='ocrx_word' id='word_1_188' title='bbox 310 2776 347 2817; x_wconf 91' lang='lat' dir='ltr'><strong>eo</strong></span> <span class='ocrx_word' id='word_1_189' title='bbox 368 2755 437 2816; x_wconf 76' lang='grc' dir='ltr'>ποτὶ</span> <span class='ocrx_word' id='word_1_190' title='bbox 453 2752 671 2818; x_wconf 77' lang='lat' dir='ltr'><strong>adverbialiter</strong></span> <span class='ocrx_word' id='word_1_191' title='bbox 689 2768 736 2818; x_wconf 86' lang='lat' dir='ltr'><strong>est</strong></span> <span class='ocrx_word' id='word_1_192' title='bbox 757 2753 989 2843; x_wconf 85' lang='lat' dir='ltr'><strong>accipiendum:</strong></span> <span class='ocrx_word' id='word_1_193' title='bbox 1015 2756 1099 2821; x_wconf 91' lang='lat' dir='ltr'><strong>unde</strong></span> <span class='ocrx_word' id='word_1_194' title='bbox 1121 2757 1279 2825; x_wconf 88' lang='lat' dir='ltr'><strong>Herman-</strong></span> 
     </span>
     <span class='ocr_line' id='line_1_25' title="bbox 184 2855 780 2942; baseline 0.003 -24"><span class='ocrx_word' id='word_1_195' title='bbox 184 2877 243 2919; x_wconf 88' lang='lat' dir='ltr'><strong>nus</strong></span> <span class='ocrx_word' id='word_1_196' title='bbox 256 2868 385 2918; x_wconf 88' lang='lat' dir='ltr'><strong>accentu</strong></span> <span class='ocrx_word' id='word_1_197' title='bbox 400 2867 536 2919; x_wconf 86' lang='lat' dir='ltr'><strong>retracto</strong></span> <span class='ocrx_word' id='word_1_198' title='bbox 550 2857 636 2937; x_wconf 91' lang='grc' dir='ltr'>πρότι</span> <span class='ocrx_word' id='word_1_199' title='bbox 650 2855 780 2942; x_wconf 77' lang='lat' dir='ltr'><strong>scripsit</strong></span> 
     </span>
    </p>

    <p class='ocr_par' dir='ltr' id='par_1_9' title="bbox 184 2955 1281 3146">
     <span class='ocr_line' id='line_1_26' title="bbox 226 2955 1281 3045; baseline 0.003 -24"><span class='ocrx_word' id='word_1_200' title='bbox 226 2955 337 3040; x_wconf 80' lang='grc' dir='ltr'>ὁρκάνα</span> <span class='ocrx_word' id='word_1_201' title='bbox 352 2957 492 3022; x_wconf 90' lang='grc' dir='ltr'><strong>Α.Β.Μ.</strong></span> <span class='ocrx_word' id='word_1_202' title='bbox 507 2956 632 3044; x_wconf 86' lang='lat' dir='ltr'><strong>aliique.</strong></span> <span class='ocrx_word' id='word_1_203' title='bbox 666 2955 776 3039; x_wconf 81' lang='grc' dir='ltr'>δρκόνη</span> <span class='ocrx_word' id='word_1_204' title='bbox 790 2957 897 3045; x_wconf 83' lang='lat' dir='ltr'><strong>vulgo.</strong></span> <span class='ocrx_word' id='word_1_205' title='bbox 929 2957 1048 3042; x_wconf 83' lang='grc' dir='ltr'>όρκύνει</span> <span class='ocrx_word' id='word_1_206' title='bbox 1063 2959 1200 3025; x_wconf 91' lang='lat' dir='ltr'><strong>Vindob.</strong></span> <span class='ocrx_word' id='word_1_207' title='bbox 1215 2960 1281 3025; x_wconf 91' lang='lat' dir='ltr'><strong>duo</strong></span> 
     </span>
     <span class='ocr_line' id='line_1_27' title="bbox 184 3058 1031 3146; baseline 0.001 -22"><span class='ocrx_word' id='word_1_208' title='bbox 184 3081 255 3124; x_wconf 91' lang='lat' dir='ltr'><strong>cum</strong></span> <span class='ocrx_word' id='word_1_209' title='bbox 270 3058 314 3146; x_wconf 87' lang='lat' dir='ltr'><strong>gl.</strong></span> <span class='ocrx_word' id='word_1_210' title='bbox 330 3059 487 3142; x_wconf 72' lang='grc' dir='ltr'>ἐγείρεται,</span> <span class='ocrx_word' id='word_1_211' title='bbox 499 3060 614 3140; x_wconf 76' lang='grc' dir='ltr'>γίνεται</span> <span class='ocrx_word' id='word_1_212' title='bbox 628 3061 710 3138; x_wconf 83' lang='grc' dir='ltr'>δίκην</span> <span class='ocrx_word' id='word_1_213' title='bbox 724 3061 837 3142; x_wconf 88' lang='grc' dir='ltr'>πύργου</span> <span class='ocrx_word' id='word_1_214' title='bbox 852 3063 1031 3143; x_wconf 76' lang='grc' dir='ltr'>ἀφανισμός.</span> 
     </span>
    </p>

    <p class='ocr_par' dir='ltr' id='par_1_10' title="bbox 184 3160 1283 4055">
     <span class='ocr_line' id='line_1_28' title="bbox 225 3160 1282 3249; baseline 0 -23"><span class='ocrx_word' id='word_1_215' title='bbox 225 3160 357 3243; x_wconf 77' lang='grc' dir='ltr'>Ὁρκόνη</span> <span class='ocrx_word' id='word_1_216' title='bbox 371 3166 523 3243; x_wconf 77' lang='grc' dir='ltr'>πνργῶτις.</span> <span class='ocrx_word' id='word_1_217' title='bbox 551 3161 671 3224; x_wconf 67' lang='lat' dir='ltr'><strong>tants</strong></span> <span class='ocrx_word' id='word_1_218' title='bbox 682 3164 930 3249; x_wconf 71' lang='lat' dir='ltr'><strong>expugnatoria,</strong></span> <span class='ocrx_word' id='word_1_219' title='bbox 942 3161 982 3225; x_wconf 92' lang='lat' dir='ltr'><strong>ad</strong></span> <span class='ocrx_word' id='word_1_220' title='bbox 999 3163 1113 3227; x_wconf 89' lang='lat' dir='ltr'><strong>moenia</strong></span> <span class='ocrx_word' id='word_1_221' title='bbox 1122 3162 1282 3227; x_wconf 85' lang='lat' dir='ltr'><strong>admoveri</strong></span> 
     </span>
     <span class='ocr_line' id='line_1_29' title="bbox 184 3260 1281 3346; baseline 0 -18"><span class='ocrx_word' id='word_1_222' title='bbox 184 3262 282 3328; x_wconf 85' lang='lat' dir='ltr'><strong>solita.</strong></span> <span class='ocrx_word' id='word_1_223' title='bbox 318 3261 460 3346; x_wconf 86' lang='grc' dir='ltr'>Ὁρκόνη.</span> <span class='ocrx_word' id='word_1_224' title='bbox 483 3264 518 3327; x_wconf 86' lang='grc' dir='ltr'><strong>τὸ</strong></span> <span class='ocrx_word' id='word_1_225' title='bbox 539 3262 710 3345; x_wconf 84' lang='grc' dir='ltr'>θηρευτικὸν</span> <span class='ocrx_word' id='word_1_226' title='bbox 728 3264 853 3336; x_wconf 72' lang='grc' dir='ltr'>δίκτυον,</span> <span class='ocrx_word' id='word_1_227' title='bbox 875 3261 892 3325; x_wconf 89' lang='grc' dir='ltr'>δ</span> <span class='ocrx_word' id='word_1_228' title='bbox 913 3263 962 3326; x_wconf 82' lang='grc' dir='ltr'>καὶ</span> <span class='ocrx_word' id='word_1_229' title='bbox 981 3260 1117 3344; x_wconf 87' lang='grc' dir='ltr'>σαργόνη</span> <span class='ocrx_word' id='word_1_230' title='bbox 1137 3270 1281 3328; x_wconf 83' lang='grc' dir='ltr'>καλεῖται.</span> 
     </span>
     <span class='ocr_line' id='line_1_30' title="bbox 186 3360 1283 3448; baseline -0.002 -19"><span class='ocrx_word' id='word_1_231' title='bbox 186 3364 289 3430; x_wconf 85' lang='lat' dir='ltr'><strong>Schol.</strong></span> <span class='ocrx_word' id='word_1_232' title='bbox 313 3368 330 3428; x_wconf 86' lang='grc' dir='ltr'>δ</span> <span class='ocrx_word' id='word_1_233' title='bbox 351 3364 500 3448; x_wconf 75' lang='grc' dir='ltr'>περιέχων</span> <span class='ocrx_word' id='word_1_234' title='bbox 522 3370 623 3448; x_wconf 80' lang='grc' dir='ltr'>τοῖχος</span> <span class='ocrx_word' id='word_1_235' title='bbox 645 3365 760 3440; x_wconf 73' lang='grc' dir='ltr'>οἴκησιν</span> <span class='ocrx_word' id='word_1_236' title='bbox 779 3360 798 3441; x_wconf 75' lang='grc' dir='ltr'>ἢ</span> <span class='ocrx_word' id='word_1_237' title='bbox 819 3363 939 3445; x_wconf 86' lang='grc' dir='ltr'>χωρίον.</span> <span class='ocrx_word' id='word_1_238' title='bbox 962 3365 1073 3444; x_wconf 73' lang='grc' dir='ltr'>εἴρηται</span> <span class='ocrx_word' id='word_1_239' title='bbox 1095 3364 1128 3427; x_wconf 73' lang='grc' dir='ltr'><strong>δὲ</strong></span> <span class='ocrx_word' id='word_1_240' title='bbox 1149 3364 1208 3427; x_wconf 81' lang='grc' dir='ltr'><strong>ἀπὸ</strong></span> <span class='ocrx_word' id='word_1_241' title='bbox 1230 3368 1283 3428; x_wconf 80' lang='grc' dir='ltr'><strong>τοῦ</strong></span> 
     </span>
     <span class='ocr_line' id='line_1_31' title="bbox 186 3461 1282 3550; baseline -0.001 -21"><span class='ocrx_word' id='word_1_242' title='bbox 186 3467 281 3547; x_wconf 80' lang='grc' dir='ltr'>ἕρκος,</span> <span class='ocrx_word' id='word_1_243' title='bbox 303 3467 321 3529; x_wconf 85' lang='grc' dir='ltr'><strong><em>ὅ</em></strong></span> <span class='ocrx_word' id='word_1_244' title='bbox 343 3469 409 3531; x_wconf 70' lang='grc' dir='ltr'>ἐστι</span> <span class='ocrx_word' id='word_1_245' title='bbox 431 3467 596 3547; x_wconf 81' lang='grc' dir='ltr'>περιβόλου</span> <span class='ocrx_word' id='word_1_246' title='bbox 620 3462 753 3546; x_wconf 75' lang='grc' dir='ltr'>φράγμα.</span> <span class='ocrx_word' id='word_1_247' title='bbox 780 3461 925 3534; x_wconf 84' lang='lat' dir='ltr'><strong>Photius.</strong></span> <span class='ocrx_word' id='word_1_248' title='bbox 962 3462 1015 3526; x_wconf 81' lang='lat' dir='ltr'><strong>Cf.</strong></span> <span class='ocrx_word' id='word_1_249' title='bbox 1041 3464 1282 3550; x_wconf 80' lang='lat' dir='ltr'><strong>Harpocration.</strong></span> 
     </span>
     <span class='ocr_line' id='line_1_32' title="bbox 185 3562 1283 3654; baseline 0.003 -25"><span class='ocrx_word' id='word_1_250' title='bbox 185 3589 278 3653; x_wconf 91' lang='lat' dir='ltr'><strong>quem</strong></span> <span class='ocrx_word' id='word_1_251' title='bbox 302 3582 373 3654; x_wconf 87' lang='lat' dir='ltr'><strong>post</strong></span> <span class='ocrx_word' id='word_1_252' title='bbox 390 3566 535 3632; x_wconf 83' lang='lat' dir='ltr'><strong>exscribit</strong></span> <span class='ocrx_word' id='word_1_253' title='bbox 559 3564 703 3631; x_wconf 87' lang='lat' dir='ltr'><strong>Photius.</strong></span> <span class='ocrx_word' id='word_1_254' title='bbox 747 3562 911 3628; x_wconf 86' lang='lat' dir='ltr'><strong>Arnaldus</strong></span> <span class='ocrx_word' id='word_1_255' title='bbox 932 3564 1007 3629; x_wconf 83' lang='lat' dir='ltr'><strong>citat</strong></span> <span class='ocrx_word' id='word_1_256' title='bbox 1026 3565 1141 3652; x_wconf 87' lang='lat' dir='ltr'><strong>Enrip.</strong></span> <span class='ocrx_word' id='word_1_257' title='bbox 1165 3566 1283 3632; x_wconf 85' lang='lat' dir='ltr'><strong>Bacch.</strong></span> 
     </span>
     <span class='ocr_line' id='line_1_33' title="bbox 186 3666 1283 3754; baseline 0.003 -23"><span class='ocrx_word' id='word_1_258' title='bbox 186 3670 261 3731; x_wconf 90' lang='lat'><strong>611.</strong></span> <span class='ocrx_word' id='word_1_259' title='bbox 283 3667 341 3735; x_wconf 85' lang='grc' dir='ltr'>Ὡς</span> <span class='ocrx_word' id='word_1_260' title='bbox 363 3671 405 3735; x_wconf 77' lang='grc' dir='ltr'>εἰς</span> <span class='ocrx_word' id='word_1_261' title='bbox 420 3670 575 3736; x_wconf 79' lang='grc' dir='ltr'>σκοτεινὸς</span> <span class='ocrx_word' id='word_1_262' title='bbox 589 3666 716 3749; x_wconf 80' lang='grc' dir='ltr'>ὁρκάνας</span> <span class='ocrx_word' id='word_1_263' title='bbox 730 3669 922 3748; x_wconf 80' lang='grc' dir='ltr'>πεσούμενος.</span> <span class='ocrx_word' id='word_1_264' title='bbox 945 3666 966 3732; x_wconf 89' lang='lat' dir='ltr'><strong>i.</strong></span> <span class='ocrx_word' id='word_1_265' title='bbox 979 3689 1006 3732; x_wconf 88' lang='lat' dir='ltr'><strong>e.</strong></span> <span class='ocrx_word' id='word_1_266' title='bbox 1021 3689 1188 3738; x_wconf 77' lang='lat' dir='ltr'><strong>carcerem.</strong></span> <span class='ocrx_word' id='word_1_267' title='bbox 1213 3669 1283 3754; x_wconf 88' lang='lat' dir='ltr'><strong>[ubi</strong></span> 
     </span>
     <span class='ocr_line' id='line_1_34' title="bbox 184 3767 1280 3857; baseline 0.006 -25"><span class='ocrx_word' id='word_1_268' title='bbox 184 3768 248 3832; x_wconf 84' lang='lat' dir='ltr'><strong>vid.</strong></span> <span class='ocrx_word' id='word_1_269' title='bbox 271 3768 397 3852; x_wconf 83' lang='lat' dir='ltr'><strong>Elmal]</strong></span> <span class='ocrx_word' id='word_1_270' title='bbox 425 3767 560 3835; x_wconf 87' lang='lat' dir='ltr'><strong>Photius</strong></span> <span class='ocrx_word' id='word_1_271' title='bbox 580 3770 673 3833; x_wconf 87' lang='lat' dir='ltr'><strong>etiam</strong></span> <span class='ocrx_word' id='word_1_272' title='bbox 695 3768 830 3857; x_wconf 83' lang='lat' dir='ltr'><strong>explicat</strong></span> <span class='ocrx_word' id='word_1_273' title='bbox 851 3768 1044 3852; x_wconf 74' lang='grc' dir='ltr'>περίφραγμό</span> <span class='ocrx_word' id='word_1_274' title='bbox 1060 3795 1087 3837; x_wconf 88' lang='grc' dir='ltr'>τι</span> <span class='ocrx_word' id='word_1_275' title='bbox 1105 3772 1280 3840; x_wconf 75' lang='grc' dir='ltr'>ἀκανθῶδες.</span> 
     </span>
     <span class='ocr_line' id='line_1_35' title="bbox 185 3870 1282 3960; baseline 0.005 -26"><span class='ocrx_word' id='word_1_276' title='bbox 185 3887 281 3957; x_wconf 90' lang='lat' dir='ltr'><strong>atque</strong></span> <span class='ocrx_word' id='word_1_277' title='bbox 295 3871 339 3937; x_wconf 87' lang='lat' dir='ltr'><strong>ita</strong></span> <span class='ocrx_word' id='word_1_278' title='bbox 354 3870 493 3959; x_wconf 84' lang='lat' dir='ltr'><strong>Etymol.</strong></span> <span class='ocrx_word' id='word_1_279' title='bbox 513 3872 566 3937; x_wconf 88' lang='lat' dir='ltr'><strong>M.</strong></span> <span class='ocrx_word' id='word_1_280' title='bbox 582 3893 614 3958; x_wconf 88' lang='lat' dir='ltr'><strong>p.</strong></span> <span class='ocrx_word' id='word_1_281' title='bbox 625 3873 701 3958; x_wconf 80' lang='lat'>632,</span> <span class='ocrx_word' id='word_1_282' title='bbox 713 3886 765 3955; x_wconf 81' lang='lat'><strong>25.</strong></span> <span class='ocrx_word' id='word_1_283' title='bbox 781 3871 932 3937; x_wconf 87' lang='lat' dir='ltr'><strong>Eustatb.</strong></span> <span class='ocrx_word' id='word_1_284' title='bbox 946 3871 987 3935; x_wconf 89' lang='lat' dir='ltr'><strong>ad</strong></span> <span class='ocrx_word' id='word_1_285' title='bbox 1003 3871 1095 3937; x_wconf 86' lang='lat' dir='ltr'><strong>Iliad.</strong></span> <span class='ocrx_word' id='word_1_286' title='bbox 1111 3878 1146 3937; x_wconf 85' lang='grc' dir='ltr'><strong>Β.</strong></span> <span class='ocrx_word' id='word_1_287' title='bbox 1160 3894 1194 3959; x_wconf 91' lang='lat' dir='ltr'><strong>p.</strong></span> <span class='ocrx_word' id='word_1_288' title='bbox 1208 3891 1282 3960; x_wconf 77' lang='lat'><strong>233,</strong></span> 
     </span>
     <span class='ocr_line' id='line_1_36' title="bbox 186 3972 1129 4055; baseline 0.003 -21"><span class='ocrx_word' id='word_1_289' title='bbox 186 3992 240 4051; x_wconf 92' lang='lat'><strong>41.</strong></span> <span class='ocrx_word' id='word_1_290' title='bbox 279 3974 350 4037; x_wconf 83' lang='lat' dir='ltr'><strong>Vox</strong></span> <span class='ocrx_word' id='word_1_291' title='bbox 364 3977 509 4055; x_wconf 79' lang='grc' dir='ltr'>πυργῶτις</span> <span class='ocrx_word' id='word_1_292' title='bbox 522 3994 561 4035; x_wconf 92' lang='lat' dir='ltr'><strong>an</strong></span> <span class='ocrx_word' id='word_1_293' title='bbox 577 3988 720 4039; x_wconf 85' lang='lat' dir='ltr'><strong>occurret</strong></span> <span class='ocrx_word' id='word_1_294' title='bbox 733 3972 808 4038; x_wconf 90' lang='lat' dir='ltr'><strong>alibi</strong></span> <span class='ocrx_word' id='word_1_295' title='bbox 823 3972 934 4039; x_wconf 85' lang='lat' dir='ltr'><strong>nescio.</strong></span> <span class='ocrx_word' id='word_1_296' title='bbox 957 3972 1129 4039; x_wconf 85' lang='lat' dir='ltr'><strong>BLOMF.</strong></span> 
     </span>
    </p>

    <p class='ocr_par' dir='ltr' id='par_1_11' title="bbox 229 4074 648 4162">
     <span class='ocr_line' id='line_1_37' title="bbox 229 4074 648 4162; baseline 0.005 -23"><span class='ocrx_word' id='word_1_297' title='bbox 229 4089 301 4159; x_wconf 83' lang='lat'><strong>347.</strong></span> <span class='ocrx_word' id='word_1_298' title='bbox 317 4075 397 4162; x_wconf 80' lang='grc' dir='ltr'>δορὶ]</span> <span class='ocrx_word' id='word_1_299' title='bbox 413 4074 471 4138; x_wconf 81' lang='grc' dir='ltr'><strong>ὑπὸ</strong></span> <span class='ocrx_word' id='word_1_300' title='bbox 486 4075 549 4155; x_wconf 74' lang='grc' dir='ltr'>δορὶ</span> <span class='ocrx_word' id='word_1_301' title='bbox 564 4075 648 4141; x_wconf 88' lang='lat' dir='ltr'><strong>Rob.</strong></span> 
     </span>
    </p>

    <p class='ocr_par' dir='ltr' id='par_1_12' title="bbox 186 4176 1284 4568">
     <span class='ocr_line' id='line_1_38' title="bbox 230 4176 1283 4263; baseline 0.007 -23"><span class='ocrx_word' id='word_1_302' title='bbox 230 4178 293 4259; x_wconf 78' lang='grc' dir='ltr'>δορὶ</span> <span class='ocrx_word' id='word_1_303' title='bbox 316 4177 461 4261; x_wconf 86' lang='grc' dir='ltr'>καίνεται]</span> <span class='ocrx_word' id='word_1_304' title='bbox 486 4177 662 4241; x_wconf 87' lang='lat' dir='ltr'><strong>Dochmius</strong></span> <span class='ocrx_word' id='word_1_305' title='bbox 675 4177 732 4241; x_wconf 82' lang='lat' dir='ltr'><strong>etsi</strong></span> <span class='ocrx_word' id='word_1_306' title='bbox 747 4177 837 4241; x_wconf 81' lang='lat' dir='ltr'><strong>facile</strong></span> <span class='ocrx_word' id='word_1_307' title='bbox 858 4176 979 4240; x_wconf 87' lang='lat' dir='ltr'><strong>restitui</strong></span> <span class='ocrx_word' id='word_1_308' title='bbox 999 4190 1103 4263; x_wconf 86' lang='lat' dir='ltr'><strong>potest</strong></span> <span class='ocrx_word' id='word_1_309' title='bbox 1116 4179 1197 4261; x_wconf 83' lang='grc' dir='ltr'>δόρει</span> <span class='ocrx_word' id='word_1_310' title='bbox 1210 4181 1283 4247; x_wconf 80' lang='lat' dir='ltr'><strong>scri·</strong></span> 
     </span>
     <span class='ocr_line' id='line_1_39' title="bbox 187 4276 1283 4370; baseline 0.004 -29"><span class='ocrx_word' id='word_1_311' title='bbox 187 4276 301 4355; x_wconf 84' lang='lat' dir='ltr'><strong>hendo,</strong></span> <span class='ocrx_word' id='word_1_312' title='bbox 328 4294 431 4343; x_wconf 88' lang='lat' dir='ltr'><strong>tamen</strong></span> <span class='ocrx_word' id='word_1_313' title='bbox 461 4299 523 4341; x_wconf 89' lang='lat' dir='ltr'><strong>non</strong></span> <span class='ocrx_word' id='word_1_314' title='bbox 552 4276 713 4364; x_wconf 84' lang='lat' dir='ltr'><strong>probabile</strong></span> <span class='ocrx_word' id='word_1_315' title='bbox 742 4278 875 4342; x_wconf 83' lang='lat' dir='ltr'><strong>estella</strong></span> <span class='ocrx_word' id='word_1_316' title='bbox 902 4299 998 4364; x_wconf 87' lang='lat' dir='ltr'><strong>quem</strong></span> <span class='ocrx_word' id='word_1_317' title='bbox 1026 4277 1058 4341; x_wconf 92' lang='lat' dir='ltr'><strong>in</strong></span> <span class='ocrx_word' id='word_1_318' title='bbox 1087 4278 1283 4370; x_wconf 82' lang='lat' dir='ltr'><strong>antistropha</strong></span> 
     </span>
     <span class='ocr_line' id='line_1_40' title="bbox 186 4377 1284 4472; baseline 0.004 -27"><span class='ocrx_word' id='word_1_319' title='bbox 186 4377 323 4447; x_wconf 84' lang='lat' dir='ltr'><strong>dochmii</strong></span> <span class='ocrx_word' id='word_1_320' title='bbox 338 4379 439 4444; x_wconf 84' lang='lat' dir='ltr'><strong>forma</strong></span> <span class='ocrx_word' id='word_1_321' title='bbox 455 4400 546 4442; x_wconf 87' lang='lat' dir='ltr'><strong>usum</strong></span> <span class='ocrx_word' id='word_1_322' title='bbox 561 4401 628 4444; x_wconf 87' lang='lat' dir='ltr'><strong>esse</strong></span> <span class='ocrx_word' id='word_1_323' title='bbox 643 4394 776 4466; x_wconf 85' lang='lat' dir='ltr'><strong>poetam.</strong></span> <span class='ocrx_word' id='word_1_324' title='bbox 821 4378 1030 4458; x_wconf 83' lang='lat' dir='ltr'><strong>Quamobrem</strong></span> <span class='ocrx_word' id='word_1_325' title='bbox 1047 4395 1117 4466; x_wconf 88' lang='lat' dir='ltr'><strong>post</strong></span> <span class='ocrx_word' id='word_1_326' title='bbox 1135 4382 1209 4466; x_wconf 75' lang='grc' dir='ltr'>ἀνήρ</span> <span class='ocrx_word' id='word_1_327' title='bbox 1223 4384 1284 4472; x_wconf 76' lang='lat' dir='ltr'><strong>syl.-</strong></span> 
     </span>
     <span class='ocr_line' id='line_1_41' title="bbox 187 4478 1123 4568; baseline 0.003 -25"><span class='ocrx_word' id='word_1_328' title='bbox 187 4479 290 4544; x_wconf 86' lang='lat' dir='ltr'><strong>labam</strong></span> <span class='ocrx_word' id='word_1_329' title='bbox 306 4501 400 4545; x_wconf 87' lang='lat' dir='ltr'><strong>unam</strong></span> <span class='ocrx_word' id='word_1_330' title='bbox 415 4478 563 4545; x_wconf 85' lang='lat' dir='ltr'><strong>excidisse</strong></span> <span class='ocrx_word' id='word_1_331' title='bbox 577 4479 718 4566; x_wconf 88' lang='lat' dir='ltr'><strong>conjicio,</strong></span> <span class='ocrx_word' id='word_1_332' title='bbox 734 4503 806 4568; x_wconf 81' lang='lat' dir='ltr'><strong>quae</strong></span> <span class='ocrx_word' id='word_1_333' title='bbox 820 4481 949 4553; x_wconf 78' lang='lat' dir='ltr'><strong>tornes</strong></span> <span class='ocrx_word' id='word_1_334' title='bbox 964 4484 1038 4552; x_wconf 83' lang='grc' dir='ltr'>στδς</span> <span class='ocrx_word' id='word_1_335' title='bbox 1051 4481 1123 4551; x_wconf 83' lang='lat' dir='ltr'><strong>fuit.</strong></span> 
     </span>
    </p>
   </div>
   <div class='ocr_carea' id='block_1_3' title="bbox 0 0 1503 5062">
    <p class='ocr_par' dir='ltr' id='par_1_13' title="bbox 0 0 1503 5062">
     <span class='ocr_line' id='line_1_42' title="bbox 0 0 1503 5062; baseline 0 0"><span class='ocrx_word' id='word_1_336' title='bbox 0 0 1503 5062; x_wconf 95' lang='lat' dir='ltr'><strong> </strong></span> 
     </span>
    </p>
   </div>
  </div>
 </body>
</html>
