2978 5062
228 340 293 404 230
589 337 968 401 ANNO'I'ATIONES

226 532 287 596 gus
307 522 338 573 et
355 507 526 586 Timonax,
544 507 679 571 Caribus
695 507 858 583 Histiaeus,
875 507 996 595 Pigres,
1012 522 1043 572 et
1058 509 1327 597 Damasitbyntus.

228 613 371 690 Quorum
407 610 566 673 nominum
597 609 782 696 paucissima
814 611 899 697 apud
932 610 1119 699 AEschylum
1149 630 1328 676 occurrunt.

230 715 344 800 Neque
364 736 438 776 vero
460 712 560 776 multa
582 734 654 775 eum
673 711 810 776 omisisse
829 713 1006 777 mirandum
1029 728 1119 792 esset,
1145 729 1253 799 utpote
1275 715 1330 799 qui

230 815 426 903 tragoediam,
440 837 503 878 non
520 813 679 878 historiam
695 813 860 891 scriberet3
884 815 939 879 sed
954 815 1013 881 hoo
1025 831 1127 881 tamen
1143 817 1257 880 mirum
1273 832 1331 892 est,

231 917 417 1004 AEschylum
441 915 541 980 multa
565 916 683 979 ducum
704 916 830 980 nomina
855 940 1037 999 memorare,
1057 942 1191 1006 quorum
1213 917 1330 982 nullam

232 1021 416 1086 Herodotus
439 1019 625 1084 mentionem
648 1017 765 1084 fecerit.
810 1020 884 1089 Qua
905 1021 1032 1107 quidem
1057 1044 1091 1085 re
1110 1021 1249 1085 adducor
1268 1019 1334 1083 fere

231 1123 272 1189 ad
288 1122 521 1210 suspicandum,
537 1135 662 1208 poetam
681 1136 835 1200 nostrum,
851 1138 888 1186 ut
903 1122 1075 1187 scholiastae
1089 1146 1217 1210 quoque
1232 1123 1331 1186 visum

232 1239 289 1304 est,
304 1225 454 1312 pleraque
468 1222 521 1287 illa
535 1222 652 1288 ducum
669 1223 795 1288 nomina
809 1237 922 1309 suopte
936 1223 1061 1310 ingenio
1075 1225 1211 1288 finxisse.

276 1326 400 1392 Deinde
421 1325 453 1390 in
476 1324 576 1388 causis
598 1324 804 1410 expeditionis
823 1349 843 1390 a
865 1327 976 1390 Xerxe
997 1341 1150 1413 susceptae
1174 1326 1334 1392 tradendis

232 1429 369 1495 historiae
384 1428 544 1492 veritatem
558 1426 718 1514 paulisper
731 1426 852 1493 inflexit
867 1428 1048 1515 AEsobylus
1095 1429 1182 1494 Nihil
1194 1430 1275 1493 enim
1292 1429 1333 1492 de

234 1531 323 1595 Darii
346 1529 473 1595 consilio
489 1527 644 1592 Graeoiam
668 1551 750 1593 novo
771 1527 853 1593 bello
874 1531 1092 1617 persequendi,
1109 1531 1332 1594 Athenienses-

233 1656 296 1719 que
318 1630 486 1696 uloiscendi
508 1629 638 1694 tradidit
658 1630 780 1695 Herod.
806 1633 850 1714 (6,
871 1633 929 1714 4.),
952 1633 1038 1719 quod
1055 1632 1107 1697 ille
1128 1646 1334 1696 exsecuturus

233 1747 311 1812 erat,
334 1732 391 1796 nisi
413 1745 513 1795 morte
534 1730 728 1818 praepeditus
750 1730 870 1797 fuisset.
915 1735 961 1797 Et
983 1754 1175 1820 quamquam
1200 1755 1232 1794 v.
1258 1752 1333 1813 244.

235 1833 359 1901 Chorici
382 1857 470 1899 senes
483 1831 580 1897 cladis
598 1857 617 1897 a
631 1832 731 1898 Dario
744 1832 831 1920 apud
849 1835 1069 1900 Marathonem
1091 1850 1227 1921 acceptae
1242 1836 1334 1921 quasi

233 1950 458 2028 praetereuntes
480 1937 666 2001 mentionem
684 1936 839 2023 injiciunt,
855 1950 958 2002 tamen
974 1952 1005 2002 et
1020 1938 1122 2025 ipsum
1137 1937 1216 2002 illud
1231 1937 1334 2001 claris·

234 2042 346 2107 simum
364 2038 562 2105 Marathonis
577 2060 688 2102 nomen
709 2038 831 2103 silentio
849 2053 972 2127 tegunt,
988 2055 1020 2106 et
1033 2040 1108 2105 alibi
1123 2040 1166 2106 sic
1179 2040 1220 2106 de
1235 2040 1335 2104 Dario

236 2146 420 2233 loquuntur,
437 2143 525 2231 quasi
548 2166 670 2230 semper
691 2140 742 2206 ille
763 2142 899 2208 invictus
913 2144 1095 2224 discesserit,
1111 2167 1168 2208 nec
1185 2166 1333 2230 umquam

237 2272 310 2337 quae
325 2247 499 2335 incepisset,
515 2245 636 2310 sinistre
656 2245 683 2310 ei
703 2245 872 2310 evenerint.
918 2247 1101 2311 Herodotus
1123 2269 1217 2333 porro
1232 2245 1334 2309 Xerxi

237 2352 373 2441 primum
386 2349 525 2414 animum
541 2373 559 2412 a
575 2347 656 2413 bello
672 2348 806 2413 Graeoiae
828 2347 991 2413 inserendo
1004 2347 1138 2414 alienum
1154 2348 1248 2412 luisse
1264 2370 1334 2410 nar-

238 2468 287 2518 rat
302 2456 350 2537 (7,
365 2456 433 2537 5.);
457 2466 529 2539 post
546 2475 618 2515 eum
641 2476 660 2516 a
683 2449 853 2515 Mardonio
866 2449 1038 2529 incitatum,
1054 2451 1172 2516 frustra
1185 2450 1337 2514 renitente

239 2554 417 2633 Artabano,
440 2552 601 2618 consilium
627 2552 743 2640 cepisse
768 2550 840 2616 belli
865 2552 1018 2639 gerundi;
1045 2554 1138 2640 cujus
1165 2575 1238 2618 cum
1263 2549 1335 2616 eum

239 2657 335 2745 paulo
349 2669 420 2744 post
432 2656 544 2720 iterum
558 2654 763 2741 poenituisset,
777 2669 880 2718 tamen
892 2677 964 2718 eum
979 2655 1045 2719 viso
1055 2670 1209 2719 nocturno
1223 2654 1338 2740 saepius

238 2757 354 2835 oblato,
369 2757 420 2822 cui
435 2756 620 2820 Artabanus
633 2779 761 2843 quoque
778 2756 971 2834 concesserit,
987 2756 1217 2835 confirmatum,
1231 2756 1264 2819 in
1281 2755 1339 2819 hac

239 2859 391 2926 sententia
405 2858 583 2944 perstitisse,
599 2873 636 2923 ut
650 2856 708 2921 sibi
723 2854 801 2920 nihil
817 2855 925 2919 utilius
939 2879 976 2920 ac
989 2856 1154 2942 gloriosius
1164 2858 1232 2921 fore
1245 2872 1338 2944 puta·

239 2971 289 3024 ret
308 2981 403 3046 quam
426 2981 498 3022 oum
521 2957 769 3023 Atheniensibus
789 2973 822 3021 et
841 2956 985 3021 universa
1000 2957 1124 3021 Graecia
1144 2957 1336 3043 belligerare.

240 3059 415 3148 AEsohylus
429 3082 503 3125 vero
519 3059 623 3124 Xerxi
637 3058 753 3124 amicos
767 3057 916 3124 desidiam
932 3072 1028 3145 atque
1049 3058 1205 3146 ignaviam
1225 3082 1338 3144 expro-

239 3165 357 3244 brasse,
373 3161 550 3250 horumque
564 3160 804 3250 opprobriorum
819 3160 963 3241 stimulis,
979 3161 1123 3249 exemplo
1136 3183 1264 3249 quoque
1283 3184 1338 3249 pa·

241 3269 297 3336 tris
310 3267 479 3357 proposito,
495 3288 567 3331 eum
582 3264 623 3330 ad
639 3264 756 3329 bellum
771 3264 920 3330 adversus
936 3264 1090 3330 Grteciam
1106 3264 1337 3353 suscipiendum

240 3371 390 3437 excitasse
412 3369 513 3456 lingit.
559 3369 674 3455 ltaque
696 3384 728 3434 et
749 3367 869 3433 bellum
893 3369 1044 3434 adversus
1069 3367 1242 3456 AEgyptios
1267 3381 1340 3433 ante

241 3497 335 3563 quam
354 3471 511 3538 Graeciam
525 3471 696 3547 invaderet,
711 3471 842 3537 feliciter
859 3494 879 3536 a
895 3473 1006 3536 Xerxe
1026 3485 1149 3559 gestum
1168 3471 1337 3553 (Herodot.

242 3593 275 3661 7,
294 3579 352 3662 5.)‚
372 3576 437 3640 alto
458 3575 545 3663 apud
569 3576 758 3663 AEschylum
782 3575 904 3640 silentio
927 3576 1091 3663 premitur.
1137 3574 1284 3661 Denique
1307 3575 1339 3637 in

241 3679 319 3744 serie
339 3701 448 3766 regum
472 3676 589 3743 Persiae
610 3677 758 3743 ducenda·
773 3677 970 3764 aliquantum
991 3678 1163 3765 AEschylus
1182 3678 1223 3742 ab
1246 3678 1340 3741 histo-

242 3781 377 3846 ricorum
399 3780 608 3845 monumentis
621 3780 764 3858 discedit,
780 3804 844 3866 qua
865 3779 906 3845 de
927 3781 1076 3845 varietate
1098 3780 1244 3845 narrandi
1260 3780 1341 3844 dixit

244 3882 400 3950 Stanleius
414 3882 446 3946 in
461 3883 660 3948 annotatione
674 3882 715 3947 ad
730 3906 758 3946 v.
773 3885 847 3968 765.

286 3989 433 4051 Personae
459 3985 608 4051 dramatis
632 4001 749 4075 praeter
773 3984 916 4067 chorum,
938 4000 1076 4074 quatuor
1100 4000 1187 4063 sunt,
1212 3989 1339 4063 Atossa,

243 4089 383 4166 nuntius,
401 4089 512 4152 umbra
527 4088 628 4166 Darii,
645 4090 781 4156 Xerxes.
827 4091 953 4156 Chorus
966 4105 1087 4156 constat
1102 4088 1238 4167 senibus,
1254 4089 1339 4177 prin·

242 4191 365 4278 cipibus
387 4191 460 4255 viris
481 4206 513 4256 et
532 4215 656 4256 summo
679 4192 749 4259 loco
773 4195 864 4272 natis,
884 4194 1000 4282 quibus
1020 4194 1146 4257 Xerxes
1168 4215 1275 4257 curam
1296 4191 1341 4255 rei

243 4292 377 4378 publicae
398 4317 434 4359 ac
449 4295 626 4361 domesticae
642 4295 893 4362 demandaverat.
939 4300 1066 4383 Septem
1088 4319 1142 4360 eos
1160 4295 1248 4380 regni
1270 4317 1340 4382 pro·

241 4417 326 4459 ceres
346 4396 442 4460 fuisse
463 4398 638 4484 suspicatur
663 4399 837 4475 Stanleius;
862 4398 916 4464 sed
942 4400 982 4463 de
1003 4421 1134 4463 numero
1154 4397 1273 4462 incerta
1295 4419 1344 4460 res

241 4513 297 4562 est.
343 4499 471 4578 Atossa,
486 4499 575 4565 Darii
591 4501 698 4579 vidua,
713 4515 813 4568 mater
828 4502 957 4582 Xerxis,
971 4501 1005 4567 id
1020 4499 1168 4588 temporis
1180 4499 1248 4586 jam
1270 4521 1342 4586 pro·
