2978 5062
204 335 270 400 alt
563 334 940 400 ANNOTATIONES

203 504 302 581 μαίνει
317 500 351 566 τθ
366 504 500 566 θιελθεῖν
514 502 562 567 καὶ
583 503 748 582 ἐρευνῆσαι
771 504 844 568 ἴσως
865 501 924 566 ἀπὸ
946 503 999 567 τοῦ
1016 498 1132 580 πέμποι.
1157 501 1309 568 Αθαλικὸτ

204 606 246 676 δέ,
262 602 297 666 τὸ
312 604 387 666 rard
399 601 490 667 πέντε
504 602 688 685 ἀριθμήσειν,
706 602 760 669 ubi
775 602 954 688 legendum,
970 604 1139 685 ἀριθμῆσαι.
1183 601 1309 666 Noster

203 706 340 772 Eumen.
356 721 431 790 751.
452 702 611 785 πεμπάζετ’
631 707 724 786 ὀρθθς
746 707 877 785 ἐκβολάς
896 705 1021 788 ψόφον,
1042 702 1130 782 ξένοι.
1154 701 1305 782 Ρλοῑίιιε,

202 807 331 887 πέμπτα.
353 806 452 872 πέντε.
476 808 524 874 καὶ
539 809 669 880 Αἰολεῖς,
691 806 740 871 καὶ
757 804 869 883 Ἴωνες,
891 807 939 871 καὶ
959 803 1099 870 Ἀττικοί.
1121 802 1307 885 πεμπάζειν

202 913 260 993 γὰρ
276 914 350 975 κατὰ
364 909 454 975 πέντε
468 911 612 993 ἀριθμεῖν.
646 908 777 995 Corsigc
791 907 963 987 πεμπάζειν.
986 906 1150 972 Plutarch.
1163 905 1206 970 de
1221 907 1304 971 Isid.

200 1029 233 1079 et
247 1013 330 1078 Osir.
344 1036 376 1099 p.
390 1029 465 1097 374.
481 1015 525 1077 A.
540 1014 575 1076 τό
591 1013 819 1094 ἀριθμήσασθαι,
833 1011 1050 1093 πεμπάσασθαι
1063 1011 1197 1093 λέγουσι.
1226 1010 1305 1075 Vid.

201 1115 327 1179 Alberti
348 1115 389 1179 ad
410 1114 551 1202 Hesych.
573 1114 605 1179 in
628 1137 660 1178 v.
682 1114 904 1196 πεμπάσσεται.
926 1118 1000 1179 κατὰ
1020 1115 1112 1180 πέντε
1132 1113 1303 1196 ἀριθμήσει,

200 1218 235 1281 τὸ
250 1220 308 1299 γὰρ
321 1217 411 1282 πέντε
427 1219 548 1284 Αἰολεῖς
562 1216 660 1296 πέμπε
677 1217 812 1300 λέγουσι·
839 1222 1076 1300 καταχρηστικῶς
1089 1219 1122 1280 δὲ
1137 1218 1186 1281 καὶ
1200 1223 1304 1299 ψιλῶς

199 1319 364 1400 ἀριθμήσει
410 1320 544 1404 Nequeo
566 1334 670 1383 autem
695 1320 768 1383 satis
789 1318 892 1382 mirari
915 1316 1068 1383 neminem
1090 1318 1304 1405 interpretum

199 1421 392 1507 perspexisse
413 1443 479 1507 quo
499 1420 622 1484 alludat
642 1435 746 1507 poeta.
782 1422 872 1502 μόρια
892 1421 981 1502 μόρια
1001 1419 1179 1500 πεμπαστάν
1199 1435 1302 1499 verte,

197 1523 254 1607 qui
276 1524 447 1585 exercitum
466 1544 525 1608 per
547 1524 709 1609 myriadas
730 1531 951 1601 recensuerat3
973 1534 1106 1609 praeerat
1121 1544 1234 1608 nempe
1248 1545 1303 1588 co-

198 1621 322 1708 piarum
344 1625 514 1688 recensioni
539 1625 580 1689 ab
602 1624 769 1689 Herodoto
793 1637 973 1689 memoratae
995 1641 1026 1707 7,
1049 1626 1102 1688 60.
1123 1647 1197 1710 quoe
1224 1630 1302 1692 κατὰ

197 1722 339 1805 μυριάδας
359 1725 475 1799 fiebam
503 1725 609 1791 decem
633 1726 770 1791 millibus
792 1727 955 1791 hominum
977 1742 1065 1813 septo
1086 1726 1225 1813 quodam
1249 1728 1301 1792 in-

198 1826 300 1906 clusis,
316 1827 389 1893 dein
403 1829 471 1893 aliis
485 1829 591 1895 decem
608 1830 755 1908 millibus,
771 1845 802 1896 et
816 1831 859 1895 sic
873 1831 1027 1917 deinceps
1060 1831 1112 1894 De
1125 1830 1302 1916 composito

198 1932 419 2012 ἀναπεμπόζειν
431 1933 494 1998 vid.
509 1933 680 1999 Ruhnken.
696 1933 736 1998 ad
754 1934 912 1999 Timaeum
929 1957 960 2021 p.
976 1953 1029 2020 33.
1052 1935 1230 1998 BLOMF.

241 2035 315 2118 982.
346 2038 526 2119 Βατανώχου
550 2036 659 2124 Steph.
680 2052 712 2102 et
733 2036 856 2101 codices
876 2035 1027 2122 plerique.
1058 2037 1235 2119 Βατανόχου
1257 2038 1299 2101 C.

196 2136 274 2202 ΑΜ.
290 2138 375 2202 Rob.
391 2140 495 2204 Turn.
518 2140 695 2224 Βαταυάχου
715 2139 823 2205 Guelf.
868 2140 946 2203 Post
965 2138 1050 2202 hunc
1068 2160 1193 2204 versum
1216 2138 1300 2204 indi·

194 2239 263 2304 cavi
277 2241 431 2304 lacunam.
476 2240 607 2306 Excidit
621 2265 728 2306 versus
741 2239 949 2328 anapaesticus
961 2254 1164 2305 monometer.

238 2342 313 2427 983.
343 2342 471 2422 Σησάμα
494 2344 561 2426 τοῦ]
591 2344 765 2424 σησαμάτου
787 2341 907 2429 aliquot
932 2341 1024 2406 codd.
1049 2357 1081 2407 et
1104 2341 1181 2407 Ald.
1209 2344 1297 2410 Rob.

196 2444 337 2525 Σησόμου
356 2450 409 2509 τοῦ
424 2446 528 2509 Turn.
574 2446 753 2509 Paucorum
775 2441 919 2508 codicum
940 2443 1127 2531 corruptelae
1147 2460 1222 2510 sunt
1244 2473 1300 2527 ση-

195 2548 346 2626 esperod,
362 2548 491 2626 σησάμου
506 2550 567 2627 τοῦ,
583 2545 724 2626 σημότου.
757 2545 963 2610 Scribendum
979 2545 1116 2625 Σεισάμα
1129 2551 1181 2610 τοῦ
1195 2569 1235 2612 ex
1252 2549 1297 2612 N.

194 2647 353 2728 Σεισάμης,
369 2661 513 2735 correpta
527 2647 647 2737 syllaba
661 2647 772 2727 media,
788 2647 903 2735 legitur
916 2669 946 2711 v.
960 2665 1036 2731 322.

238 2750 411 2832 Μυγαβάτα
431 2752 535 2816 Turn.
550 2765 582 2815 et
604 2773 677 2837 pars
699 2750 851 2815 codicum.
876 2749 1064 2831 Μεγαβάτου
1079 2750 1163 2814 Rob.
1209 2751 1295 2817 Scri·

194 2848 333 2914 bendum
351 2851 522 2931 Μεγαβάτα
536 2875 575 2915 ex
588 2855 638 2916 Μ.
653 2851 784 2937 aliisque
799 2850 956 2915 nonnullis
970 2867 1002 2916 et
1016 2851 1095 2917 Ald.
1111 2854 1298 2935 Μειγαβότα

194 2973 233 3015 ex
250 2953 301 3014 M.
316 2950 422 3014 attulit
436 2952 476 3015 de
491 2954 600 3016 Furia.

237 3054 311 3136 984.
328 3052 466 3138 Πάρθου]
482 3053 617 3136 Πάρθιον
628 3078 667 3119 ex
680 3058 730 3119 M.
742 3055 881 3120 affertur.
898 3056 1039 3137 Πάρθεον
1050 3058 1155 3121 Turn.
1172 3060 1297 3140 Πάρθον

195 3154 296 3219 Paris.
314 3177 413 3220 unus:
438 3156 518 3222 alius
532 3156 681 3240 Σπόρθον.

237 3255 262 3319 τ’
278 3257 427 3344 Οἰβάρην]
447 3257 590 3341 τοιβάρηυ
607 3258 631 3322 τ’
649 3262 700 3323 Μ.
722 3259 747 3322 τ’
768 3259 894 3341 οθβάρην
913 3258 937 3322 τ’
955 3258 1003 3323 vcl
1024 3256 1048 3322 τ’
1064 3258 1184 3341 οἰβάριν
1202 3261 1229 3324 τ’
1242 3262 1296 3326 alii

193 3359 346 3425 nonnulli.
368 3360 392 3423 τ’
408 3360 572 3444 οἰνοβάρηυ
586 3361 610 3425 τ’
628 3364 755 3428 Barocc.
771 3362 849 3426 ΑΜ.
865 3364 970 3425 Turn.
989 3360 1013 3424 r’
1030 3359 1158 3443 οῑβόρην
1172 3363 1298 3429 codices

192 3461 334 3550 plerique
347 3479 379 3528 et
391 3465 474 3527 Rob.
490 3462 626 3545 Οἰβάζην
641 3465 773 3551 conjecit
785 3462 999 3541 Blomfieldus,
1014 3462 1128 3527 collato
1140 3463 1296 3545 Οἰοβάζου

192 3565 317 3630 nomine
331 3567 417 3654 apud
435 3567 589 3631 Herodot.
608 3583 637 3648 7,
655 3568 708 3631 68.

235 3669 308 3752 985.
325 3669 423 3732 Hunc
438 3691 562 3732 versum
580 3668 683 3733 Xerxi
699 3669 809 3734 tribuit
824 3667 907 3733 Rob.

234 3769 258 3833 ὢ
273 3770 296 3834 ὣ
311 3769 350 3857 ὣ]
367 3769 391 3833 ὣ
406 3768 499 3834 semel
520 3768 628 3855 Steph.
644 3785 675 3832 et
695 3793 766 3856 pars
786 3769 939 3846 codicum,
956 3769 1003 3832 bis
1017 3771 1060 3832 A.
1083 3768 1199 3855 aliique
1219 3793 1292 3835 cum

191 3870 268 3936 Ald.
292 3872 375 3937 Rob.
400 3874 516 3948 Turn..
539 3871 638 3936 sexies
661 3875 709 3936 M.
755 3873 828 3958 Ego
852 3870 1003 3958 triplicari
1026 3884 1057 3934 et
1080 3869 1160 3955 δᾴων
1183 3871 1293 3958 scripsi

191 3994 250 4057 pro
264 3973 363 4038 δαΐαν.

233 4077 306 4153 986.
322 4079 456 4157 πρόκακα
472 4077 574 4138 Turn.
587 4090 619 4138 et
633 4073 756 4138 codices
770 4072 919 4159 plerique.
936 4075 1010 4155 πρὸς
1026 4078 1101 4139 κακά
1112 4077 1155 4138 Α.
1170 4076 1293 4156 (addito

189 4180 291 4241 tamen
307 4205 354 4261 γρ.
369 4180 515 4260 πρόκακα)
533 4177 647 4262 aliique
662 4174 803 4240 nonnulli
819 4196 890 4239 cum
908 4174 985 4239 Ald.
1002 4175 1076 4257 πρὸς
1091 4184 1191 4245 κακοῖς
1206 4178 1291 4244 Rob.

191 4266 340 4344 Similiter
363 4285 471 4348 πόνους
492 4281 658 4359 προπόνους
680 4278 760 4342 dixit
784 4275 952 4363 Sophocles
967 4277 1059 4363 Ajac.
1076 4296 1170 4362 1197.
1190 4280 1244 4345 ubi
1260 4303 1290 4344 v.

187 4381 418 4449 annotationem
436 4395 582 4447 nostram.

230 4471 306 4555 989.
329 4485 431 4566 ἴυγγα]
457 4489 526 4564 fuya
541 4480 619 4543 Ald.
642 4485 731 4564 ὕϊγγα
752 4508 802 4561 μοι
823 4485 885 4564 (γρ.
901 4480 990 4563 ἵυγγά
1012 4482 1077 4562 μοι)
1095 4481 1145 4546 Μ.
1191 4483 1291 4549 Scho-
