2978 5062
193 366 259 436 294
553 363 932 429 ANNOTATIONES

191 535 241 599 καὶ
258 530 374 616 έφθάρη
393 538 451 600 πῖις
468 537 559 613 δῆμος
577 536 717 612 πανάλης
739 534 787 596 καὶ
809 534 943 614 ἀνδρεῖος
966 531 1014 595 καὶ
1033 530 1301 610 retentationis&

190 661 235 703 τις
254 635 352 718 γε’ρων
372 636 519 709 ἀπώλετο,
542 635 619 699 τοῦτ’
637 636 711 712 ἔστι,
733 635 843 701 πάντες
867 637 898 696 οῖ
918 631 980 698 νέοι
1002 629 1191 713 ἐφθάρησαν,
1211 635 1244 696 οἱ
1264 636 1302 698 δὲ

191 735 331 819 γέροντες
346 739 391 800 οὗ.
414 738 482 804 τοὺς
495 741 553 819 γδρ
569 736 654 803 νέους
666 739 776 816 μόνους
789 739 806 799 δ
823 735 936 816 Ξέρξης
956 735 1210 814 ἐστρατολόγησε,
1225 736 1301 803 τοὺς

191 841 224 902 δὲ
246 839 388 920 γέροντας
410 839 449 904 ὡς
472 840 610 905 ἀσθενεῖς
631 841 719 903 ὄντας
740 837 843 917 καὶμὴ
867 836 1048 916 δυναμένους
1071 839 1190 914 κινῆσαι
1211 837 1299 900 ὅπλα

192 941 354 1023 κατέλειψε
369 943 403 1020 τῇ
420 943 545 1022 Περσίδι
559 942 641 1024 χώρᾳ
657 937 829 1019 έπιτηρητάς
845 964 876 1001 τε
892 939 939 1002 καὶ
954 939 1103 1018 φύλακας.
1138 938 1211 1000 Non
1228 938 1298 1001 ani-

191 1041 358 1106 madvertit
379 1040 602 1127 grammaticus
624 1039 812 1126 AEsehylum
838 1039 993 1125 scripsisse
1019 1044 1109 1119 δῆμος
1131 1039 1166 1102 οὐ
1191 1039 1228 1118 δή
1249 1064 1300 1106 τις

191 1141 299 1225 γέρων,
315 1142 336 1207 i.
352 1167 380 1207 e.
394 1142 452 1206 flos
467 1142 589 1230 populi.

234 1265 308 1330 734.
329 1244 456 1330 μονάδα]
479 1247 527 1309 Ut
546 1244 597 1309 hic
610 1243 724 1308 dieitur
739 1244 865 1306 Xerxes
878 1241 1050 1322 μονὰς-αθ
1064 1248 1189 1305 πολλῶν
1202 1242 1294 1323 μέτα,

192 1346 236 1411 sic
252 1348 370 1433 Eurip.
387 1347 513 1411 Hecub.
533 1367 625 1434 1130.
639 1350 733 1425 μόνον
747 1348 780 1408 δὲ
795 1346 852 1408 σὺν
865 1345 999 1407 τέκνοισί
1017 1343 1046 1424 μ’
1063 1343 1187 1425 εἰσάγει.
1223 1345 1299 1408 He-

190 1449 293 1514 rodot.
316 1453 347 1526 6,
372 1466 420 1533 15.
442 1449 505 1528 μετ’
528 1452 641 1531 ὀλίγων
666 1448 830 1531 συμμάχων
854 1446 1067 1527 μεμονωμένοι.
1094 1447 1147 1511 ubi
1169 1447 1301 1512 confert

191 1550 420 1636 Wesselingius
443 1549 593 1634 Thucyd.
613 1552 713 1626 6,10.
736 1552 880 1631 μονωθεὶς
900 1551 963 1630 μετ’
978 1552 1090 1632 ὀλίγων
1111 1546 1294 1628 ξυνδιαβάν-

191 1678 259 1716 των.
306 1651 415 1716 ΜυΙιο
437 1650 548 1714 durius
569 1665 614 1714 est
635 1655 722 1735 quod
747 1652 841 1716 habet
862 1651 1012 1738 Xenoph.
1038 1651 1157 1736 Ephes.
1184 1673 1218 1737 p.
1236 1654 1294 1736 36.

190 1753 305 1821 πάντας
318 1755 481 1827 ἀπέκτεινε,
498 1753 618 1834 ὀλίγους
632 1755 665 1815 δὲ
681 1755 728 1818 καὶ
742 1760 852 1829 ζῶντας
866 1755 972 1832 ἔλαβε.
996 1755 1169 1818 BLOMF.

235 1874 307 1943 735.
329 1856 399 1942 ποῦ]
421 1860 462 1936 πῆ
484 1858 524 1920 C.
542 1871 574 1919 et
590 1855 740 1920 Cantabr.
760 1879 821 1921 sec.
846 1855 943 1941 Soph.
960 1855 1040 1919 OEd.
1057 1857 1095 1921 C.
1109 1858 1186 1937 476.
1209 1855 1244 1918 τδ
1266 1855 1293 1920 δ’

191 1959 279 2025 ένθευ
297 1966 352 2024 ποῖ
370 1961 549 2040 τελευτῆσαί
566 1984 604 2039 με
626 1957 702 2042 χρᾷς
727 1959 841 2046 Eurip.
858 1960 940 2022 Hec.
953 1978 1029 2043 419.
1051 1965 1106 2022 ποῖ
1122 1957 1295 2038 τελευτήσω

189 2064 271 2141 βίον.
295 2063 471 2127 BLOMF.
684 2085 695 2097 ·

233 2166 389 2248 τελευτάν]
407 2168 532 2247 τελευτᾷ
548 2165 633 2226 An.
659 2162 882 2248 Interpretotio
896 2161 928 2224 in
945 2163 984 2225 B.
999 2167 1058 2229 πῶς
1073 2186 1106 2226 τε
1120 2161 1156 2239 δὴ
1171 2163 1294 2246 ἔρχεται

191 2267 239 2330 καὶ
252 2273 306 2330 ποῖ
318 2267 481 2346 κατήντησε
504 2268 536 2329 τδ
559 2271 700 2346 πρᾶγμα;
724 2264 764 2327 In
785 2266 828 2326 Α.
848 2262 891 2349 gl.
917 2267 1057 2346 καταντᾷ.
1082 2263 1291 2330 BRUNCK.

191 2367 354 2432 Glossema
380 2372 509 2450 καταντᾷ
537 2367 568 2430 in
597 2381 717 2431 textum
747 2365 872 2451 irrepsit
897 2364 1046 2429 Cantabr.
1064 2388 1122 2430 sec.
1164 2370 1292 2451 τελευτᾷ

190 2470 281 2534 etiam
298 2469 377 2533 Ald.
395 2470 478 2533 Rob.
496 2472 600 2533 Turn.
648 2468 857 2544 Infinitivum‚
873 2466 928 2552 qui
950 2478 997 2529 est
1019 2466 1051 2529 in
1075 2468 1126 2530 M.
1145 2466 1291 2554 aliisque,

188 2573 309 2660 primus
345 2573 480 2638 restituit
511 2572 632 2658 steph„
655 2570 710 2634 sed
746 2568 958 2654 interrogandi
989 2568 1078 2654 siguo
1107 2568 1187 2632 mole
1218 2587 1292 2656 post

190 2675 255 2738 ἔστι
278 2675 437 2739 translato.
483 2671 741 2759 Interpunctione
762 2682 868 2733 carent
886 2668 965 2732 Ald.
982 2669 1084 2733 Rob.:
1107 2670 1195 2734 coion
1218 2688 1293 2758 post

189 2780 313 2858 τελευτᾷ
336 2775 442 2861 posuit
457 2777 560 2837 Turn.
583 2777 708 2856 τελευτᾷ
723 2771 778 2857 qui
799 2772 987 2858 scripserunt
1003 2771 1118 2836 librarii
1141 2796 1203 2838 non
1223 2775 1292 2839 ani-

189 2877 418 2952 madverterant
432 2874 620 2938 infinitivum
636 2897 655 2936 a
669 2873 863 2960 praecedente
877 2876 955 2957 φασδ
969 2875 1114 2961 pendere.

233 2978 312 3056 ἔστι]
332 2978 416 3041 ἔστιν
430 2975 508 3040 Ald.
526 2974 610 3039 Rob.

231 3079 287 3163 τίς]
303 3079 346 3146 τὶς
362 3080 443 3143 Rob.
484 3076 689 3141 Scribendum
707 3102 749 3144 τις
763 3077 828 3142 sine
842 3095 983 3145 accentu.

232 3184 306 3266 736.
320 3180 438 3266 μολεῖν]
454 3207 502 3263 γρ.
519 3186 629 3262 φυγεῖν
644 3181 692 3242 Μ.

232 3291 302 3365 γαῖν
316 3282 495 3348 Askewius.
535 3282 716 3369 Legebatur
732 3285 777 3347 ἐν.

232 3386 325 3470 δυοῖν]
348 3391 441 3450 δοιοῖν
464 3387 513 3449 Μ.
538 3401 573 3449 ιιι
598 3408 626 3449 v.
654 3401 726 3466 720.
761 3385 941 3471 Utrobique
966 3399 1070 3450 autem
1098 3389 1191 3451 δοὶοῖν
1214 3411 1288 3452 cum

189 3486 300 3574 spiritu
329 3510 439 3574 aspero
468 3487 628 3575 scriptum,
658 3487 712 3573 qui
743 3512 760 3551 e
789 3487 879 3552 litera
907 3513 925 3551 v
961 3488 1171 3575 superscripta
1198 3505 1288 3555 ortus

188 3588 324 3653 videtur.

232 3708 305 3777 737.
322 3691 541 3777 Interrogandi
557 3691 680 3778 signum
694 3710 764 3779 post
778 3693 865 3771 τήνδε
887 3693 992 3778 posuit
1010 3692 1200 3758 Brunokius.
1246 3696 1288 3759 In

188 3783 344 3881 prioribus
359 3792 549 3857 editionibus
563 3794 650 3858 nulla
664 3795 884 3882 interpunctio.

232 3893 304 3980 738.
320 3899 406 3956 τοῦτο
421 3893 502 3979 κούκ]
520 3895 571 3959 Sio
585 3896 705 3960 correxi
719 3896 795 3961 vitia
808 3897 972 3975 librorum,
983 3920 1117 3984 quorum
1133 3897 1184 3961 alii
1199 3901 1289 3963 τοῦτό

188 3996 215 4078 γ’
231 3999 293 4070 οὐκ,
310 4013 344 4060 ut
360 3998 416 4072 A„
427 3995 477 4058 alii
498 4001 588 4062 τοῦτο’
601 3997 625 4061 τ’
642 4001 702 4072 οὐκ,
719 3998 770 4062 alii
785 4002 877 4085 τούτῳ
892 3998 919 4082 γ’
936 4001 998 4073 οὐκ,
1017 4016 1052 4063 ut
1068 4002 1117 4063 M.
1133 4014 1165 4064 et
1177 3998 1288 4063 addito

188 4124 235 4179 γρ.
258 4101 362 4162 τούτου
383 4099 413 4180 γ’
433 4099 485 4162 οὐκ
510 4101 559 4178 Β.,
572 4099 649 4163 Ald.
674 4123 747 4164 vero
766 4116 798 4164 et
818 4101 901 4164 Rob.
924 4103 1015 4186 τούτῳ
1039 4101 1063 4165 δ’
1082 4102 1144 4174 οὐκ,
1160 4124 1201 4163 ex
1221 4124 1288 4186 quo

188 4206 274 4263 τοῦτο
289 4199 314 4263 δ’
330 4200 382 4263 οὐκ
395 4200 513 4263 suetum
530 4200 560 4263 in
575 4203 678 4264 Turn.
702 4201 889 4266 Blomfieido
900 4208 986 4266 τοῦδε
1002 4205 1071 4268 κούκ
1086 4202 1287 4268 scribendum

188 4300 363 4378 videbatur,
379 4316 473 4379 recte,
489 4302 546 4364 nisi
562 4304 648 4390 quod
663 4308 748 4367 τοῦτο
763 4327 885 4368 servare
899 4304 1043 4370 debebat.

233 4421 305 4487 739.
322 4405 352 4470 ές
367 4406 399 4466 δὲ
412 4404 492 4468 παῖδ’
508 4405 558 4468 Μ.
569 4405 685 4491 aliique
700 4420 731 4469 et
747 4407 831 4470 Rob.
857 4407 888 4473 ές
903 4432 936 4471 τε
946 4406 1024 4471 παῖδ’
1038 4407 1141 4472 Viteb.
1161 4410 1191 4474 ἐς
1205 4407 1284 4478 παῖδ’

189 4506 318 4570 Baroon.
334 4518 365 4567 et
379 4504 457 4569 Ald.
481 4509 511 4573 ές
526 4507 578 4572 τὸν
592 4506 670 4575 παῖδ’
688 4508 791 4572 Turn.
