2978 5062
324 369 393 432 AD
417 367 608 434 SEPTEM
632 370 882 435 ADVERSUS
906 371 1108 436 THEBAS.
1206 371 1269 436 178

212 534 286 616 408.
301 534 395 621 τόνδ’]
411 535 494 600 τῶνδ’
511 537 643 602 Grotius
657 537 689 601 in
705 538 881 626 Excerptis.
916 548 937 579 “
950 539 1100 605 Butlerus
1113 539 1269 604 existimat

170 635 332 701 Eteoclem
347 637 379 700 iu
391 661 513 703 scenam
528 640 664 704 ducibus
678 640 828 728 stipatum
844 640 1004 728 prodiisse,
1020 656 1051 706 et
1066 665 1106 705 ex
1120 641 1158 706 iis
1173 665 1267 729 quos·

170 737 241 802 dam
262 739 304 803 ad
326 756 486 825 portarum
510 742 682 806 custodiam
706 742 858 830 selegisse.
903 745 1019 808 Recte:
1044 744 1109 809 vid.
1130 768 1159 808 v.
1174 746 1269 829 472.”

170 841 345 906 BLOMF.

212 962 288 1023 411.
312 948 445 1028 αἰσχρῶν
458 950 515 1029 γδρ
531 946 637 1032 δργὸς]
655 947 780 1026 Rarior,
795 947 900 1024 credo,
919 947 987 1012 haeo
1009 948 1209 1026 constructio,
1224 972 1267 1014 sc.

169 1046 279 1127 ἆεργὸς
307 1047 403 1128 ἔργων
432 1051 574 1132 αἰσχρῶν.
619 1049 734 1134 Eurip.
765 1049 839 1135 Ipb.
866 1052 908 1114 T.
938 1071 1030 1115 1000.
1057 1050 1189 1132 Στρατὸς
1209 1055 1267 1134 γάρ

170 1146 288 1227 άθροος,
302 1149 393 1229 άργὸς
408 1148 450 1212 ῶν
463 1156 523 1213 τῶν
536 1147 663 1214 οἰκὸθεν.
687 1152 862 1215 BLOMF.

180 1250 187 1271 ‘
211 1267 286 1329 412.
303 1251 456 1333 σπαρτῶν]
475 1251 561 1313 Nota
575 1264 621 1314 est
635 1249 743 1315 fabula
757 1251 797 1317 de
813 1251 952 1316 Cadmea
962 1252 1089 1317 satione.
1113 1251 1269 1318 Stanleius

169 1351 302 1415 advocat
328 1351 425 1416 schol.
452 1353 568 1440 Eurip.
597 1353 750 1418 Phoeniss
772 1359 847 1440 498.
874 1359 915 1420 Οί
938 1356 1182 1439 περιλειφθέντες
1209 1363 1269 1422 τῶν

169 1459 318 1534 σπαρτῶν,
335 1456 375 1520 ῶς
390 1457 543 1538 Αἰσχύλος
557 1456 662 1535 φησίν,
680 1457 786 1538 (credo
800 1458 833 1522 in
847 1458 942 1544 Λαίφ)
959 1459 1037 1538 ἦσαν
1051 1457 1188 1533 Χθόνιος,
1204 1459 1266 1524 Oi-

170 1560 261 1631 ὁαῖος,
278 1556 432 1639 Πέλωρος,
452 1556 633 1639 Ὑπερήνωρ,
654 1561 703 1622 καὶ
724 1558 845 1643 Ἐχίων,
866 1559 900 1627 ὃς
921 1561 1031 1642 ἔγημεν
1052 1559 1194 1643 Ἀγαυὴν,
1213 1561 1268 1641 τὴν

171 1658 290 1738 Κάδμον
305 1659 462 1741 θυγατέρα,
479 1663 511 1738 έξ
525 1660 560 1739 ἧς
574 1667 656 1724 ποιεί
668 1661 798 1736 Πενθέα,
811 1663 845 1726 ού
861 1664 877 1725 ὁ
895 1661 1029 1735 Κλάσας,
1046 1665 1080 1728 οὗ
1093 1664 1266 1741 Μενοικεὺς,

169 1761 204 1822 ού
221 1760 324 1841 Κρέων
338 1763 387 1825 καί
401 1761 547 1841 Ἰοκάστη.
574 1760 644 1825 Vid.
659 1763 741 1826 infra
754 1782 831 1845 474.
855 1765 1030 1829 BLOMF.

211 1861 373 1947 ἐφείσατο]
397 1865 532 1944 έφύσατο
554 1862 674 1948 aliquot
695 1865 788 1929 codd.
812 1868 977 1930 Anacreon
1006 1866 1145 1931 Brunck.
1171 1869 1266 1933 Anal.

169 1963 228 2028 vol.
242 1985 268 2027 1.
286 1987 316 2050 p.
330 1969 399 2032 118.
412 1964 505 2047 Ἀρης
519 1967 571 2029 οὐκ
586 1968 707 2047 άγαθῶν
718 1969 862 2049 φείδεται,
875 1970 957 2031 ἀλλὰ
969 1975 1074 2032 κακῶν.
1091 1969 1266 2035 BLOMF.

211 2086 288 2146 414.
304 2070 419 2151 κύβοις]
438 2067 551 2153 Eurip.
569 2066 684 2154 Suppl.
699 2087 773 2152 330.
786 2069 868 2132 ἄλλα
881 2067 1009 2148 βλήματ’
1027 2071 1062 2133 έν
1084 2073 1187 2150 κύβοις
1207 2078 1266 2151 βα·

168 2174 245 2232 λεῖν.
268 2190 308 2232 sc.
327 2167 445 2249 Ἀρεος.
481 2168 579 2234 Stanl.
597 2169 717 2234 confert
736 2168 835 2233 Rhes.
858 2170 927 2254 183.
942 2170 1047 2252 Ψυχὴν
1061 2171 1266 2252 προβάλλοντ’

169 2272 203 2334 ἐν
229 2271 348 2350 κύβοισι
370 2273 518 2351 δαίμονος.
557 2270 738 2356 Adjiciatur
765 2270 905 2358 ejusdem
931 2271 1048 2336 fabulae
1074 2295 1103 2337 v.
1126 2289 1200 2357 447.
1226 2274 1267 2339 ab

170 2372 410 2437 Hemsterhusio
434 2389 602 2452 correctae,
624 2373 751 2440 Ῥίπτεις
776 2373 910 2452 κυβεύων
938 2373 991 2436 τὸν
1011 2374 1085 2454 πρὸς
1111 2372 1267 2457 Ἀργείους

164 2472 270 2557 Ἀρην.
294 2476 386 2539 Conf.
403 2476 595 2542 Valckenaer.
610 2476 651 2539 ad
668 2474 820 2540 Phoeniss.
837 2493 928 2559 1235.
952 2475 1127 2539 BLOMF.

211 2594 285 2662 415.
307 2580 383 2658 Δίκη
397 2577 421 2642 δ’
438 2581 571 2660 ὁμαίμων
588 2579 680 2661 κάρτα
695 2604 742 2643 νιν
755 2576 1165 2659 προστέλλεται-πολέμιον
1180 2579 1263 2664 δόρυ]

166 2681 232 2743 Jos
254 2702 327 2744 vero
348 2682 547 2767 mgraoticnie
570 2703 640 2744 eam
658 2682 870 2767 potissimam,
896 2702 922 2742 s.
943 2678 1153 2743 vehementiae
1171 2701 1266 2766 qoam

167 2782 248 2845 alios
261 2782 404 2868 impellit,
420 2791 456 2846 ot
470 2803 491 2844 o
506 2791 617 2859 matre,
632 2805 703 2868 quo
716 2804 786 2846 eum
799 2782 935 2868 peperit,
950 2780 1087 2846 lwatiam
1108 2783 1170 2845 tela
1185 2805 1265 2869 pro-

161 2885 278 2970 paleet.
301 2888 365 2965 δίκη
380 2887 524 2965 ὁμαίμων,
546 2908 605 2968 pro
615 2886 1000 2972 jurecoruaogaioitatia
1022 2907 1045 2946 s.
1065 2886 1267 2972 cognationis

167 2984 287 3047 dictum
307 2985 459 3071 significat
481 2985 597 3071 pietate
617 2985 650 3048 in
672 2985 804 3072 petriam
826 2984 957 3071 obligari
981 2986 1213 3073 Melanippum,
1230 3001 1267 3052 ut

168 3109 227 3173 pro
247 3111 284 3151 ea
305 3087 407 3175 proelii
430 3087 603 3173 pericolum
626 3089 786 3175 suscipiat,
806 3087 903 3173 idque
922 3086 995 3151 belli
1015 3110 1116 3173 genus
1131 3087 1266 3175 justissi-

169 3212 254 3253 mum
270 3213 344 3254 esse.
369 3191 470 3255 SCH.
517 3189 698 3270 Scholiasta,
713 3190 747 3253 τδ
761 3193 813 3269 τῆς
826 3190 1004 3270 συγγενείας
1018 3190 1132 3254 δίκαιον
1143 3189 1267 3255 στέλλει

168 3292 258 3356 αύτὸν
274 3294 316 3359 εἰς
329 3292 382 3371 τὴν
396 3291 505 3375 μάχην.

211 3393 300 3477 Δίκη]
320 3395 384 3472 δίκη
397 3394 482 3458 AB.
496 3392 611 3479 aliique
626 3391 765 3457 nonnulli
781 3406 814 3455 et
829 3392 933 3454 Turn.

210 3497 344 3575 ὁμαίμων
360 3497 410 3558 Μ.
426 3494 542 3581 aliique
555 3494 697 3559 nonnulli
713 3508 744 3557 et
761 3492 869 3580 Steph.
897 3491 1046 3578 Plerique
1057 3492 1105 3556 vel
1122 3495 1139 3555 ὁ
1154 3494 1266 3572 δαίμων

166 3626 238 3668 cum
261 3604 340 3669 Ald.
362 3605 446 3669 Rob.
472 3607 575 3670 Turn.
598 3604 648 3668 vel
670 3579 813 3684 ὁὸαίμων.
851 3603 901 3667 Ad
924 3605 989 3691 δίκη
1011 3603 1034 3669 δ’
1059 3607 1076 3667 ὁ
1102 3604 1214 3682 δαίμων
1232 3603 1266 3668 in

169 3707 251 3770 Α.Β.
267 3705 309 3792 gl.
325 3706 517 3794 adscriptum
533 3709 650 3774 δικαίως
663 3709 680 3770 ὁ
692 3705 793 3789 Ἄρης.

209 3803 431 3895 Melanippum
457 3824 530 3873 ante
557 3808 654 3873 Proeti
680 3823 802 3895 portam
826 3831 897 3872 cum
927 3807 1042 3894 Tydeo
1065 3828 1265 3892 congressum

167 3925 340 3974 memorant
354 3910 569 3997 Apollodorus
590 3931 615 3990 t,
633 3912 662 3989 8,
680 3910 851 3975 Pausanias
874 3931 905 3995 9,
925 3912 1069 3987 18,1,et
1093 3907 1211 3971 Statius
1234 3910 1266 3986 8,

168 4012 241 4094 718.
286 4014 331 4076 Et
347 4011 563 4099 Apollodorus
585 4012 714 4099 quidem
737 4026 842 4076 narrat
866 4009 1016 4097 Tydeum
1038 4031 1057 4070 a
1080 4007 1267 4096 Melanippo

166 4112 197 4176 in
214 4128 321 4177 ventre
343 4136 523 4200 percussum
544 4136 628 4186 esse;
652 4112 708 4199 qui
722 4134 821 4199 quum
845 4109 1032 4175 semianimis
1049 4109 1178 4195 jaceret,
1194 4110 1268 4174 Pal-

166 4217 267 4282 ladem
292 4217 552 4282 medicamentum
576 4217 722 4303 precibus
743 4240 763 4280 a
781 4217 865 4279 Jove
889 4214 1090 4299 impetratum
1114 4212 1267 4294 attulisse,

165 4343 232 4406 quo
253 4318 340 4383 illum
363 4321 478 4384 faceret
499 4318 724 4391 immortalem
749 4315 980 4403 Amphiaraum
1004 4336 1079 4377 vero
1104 4313 1174 4400 ejus
1195 4315 1269 4381 odio

165 4435 368 4498 commotum,
383 4436 420 4485 ut
434 4442 506 4485 eum
522 4418 762 4484 immortalitatis
775 4416 861 4481 dono
878 4415 1027 4503 privaret,
1042 4413 1183 4480 celeriter
1197 4418 1269 4482 Me-

165 4522 283 4610 lanippi
309 4536 404 4609 caput
430 4546 449 4586 a
472 4544 505 4587 se
530 4520 698 4586 abscissum
727 4519 756 4585 ei
782 4517 973 4607 praebuisse;
1006 4519 1092 4605 quod
1118 4519 1269 4606 Tydeum
