2978 5062
310 331 378 395 AD
402 328 594 395 SEPTEM
619 328 868 394 ADVERSUS
884 328 1095 395 THEBAS.
1187 329 1252 397 lta

194 527 248 566 ννν
263 499 438 565 Ameldus.
458 504 514 564 νΰν
528 497 609 564 libri.

193 603 373 686 ἀντίπαλον]
392 603 677 689 Propugnatorem‚
690 601 746 687 qui
760 599 945 666 adveroeriis
957 601 1089 667 obsistit.
1112 603 1213 668 SCH.

192 706 266 786 418.
281 705 409 788 δικαίας]
427 703 611 789 Legebetur
625 704 754 769 δικαίας.

192 824 374 891 419-421.
399 807 481 871 Haec
503 805 534 869 in
556 827 654 869 unum
678 827 802 870 versum
824 804 1046 892 conjungenda
1064 819 1098 871 et
1118 804 1150 869 in
1171 804 1249 871 anti-

150 909 279 997 stropho
294 910 475 993 454—456.

193 1032 268 1093 419.
291 1009 492 1075 Constructio
512 1009 571 1073 loci
594 1008 662 1073 baec
683 1024 740 1086 est,
756 1007 851 1090 τρέμω
868 1006 893 1071 δ’
907 1009 982 1089 ὑπὲρ
998 1009 1109 1090 φίλοιν,
1126 1010 1250 1087 αίματη-

151 1117 262 1196 φόρονς
274 1117 384 1195 μόρους
398 1112 552 1192 ὀλομέναν
567 1111 693 1177 ἰδέσθαι.
708 1111 729 1176 i.
746 1135 774 1176 e.
791 1133 830 1176 nc
845 1111 979 1175 videam
1002 1112 1180 1176 BLOMF.

193 1234 266 1298 420.
283 1215 393 1300 φίλων]
409 1219 488 1295 έμῶν
504 1212 592 1277 addit
608 1213 693 1277 Rob.

192 1335 265 1396 422.
282 1322 363 1381 δοῖεν
374 1319 438 1381 θεοὶ
452 1314 573 1380 codices
583 1314 609 1378 si
621 1337 682 1379 non
693 1337 812 1394 omnes,
823 1327 907 1379 certe
918 1313 1069 1402 plerique.
1093 1315 1157 1380 θεοὶ
1170 1320 1251 1380 δοῖεν

48 1464 55 1471 -
150 1418 222 1483 edd.
238 1435 311 1482 ante
327 1421 507 1483 Burtonum
523 1440 562 1481 ex
578 1440 607 1480 v.
623 1417 699 1497 418.

193 1541 268 1606 423.
294 1522 451 1590 Καπανεὺς
476 1520 500 1585 δ’
527 1518 572 1584 ἐπ’
600 1520 816 1602 Ἠλέκτραισιν
840 1522 963 1602 εἴληχεν
987 1518 1109 1604 πύλαις]
1135 1517 1250 1582 Eidem

150 1639 249 1711 portae
273 1627 456 1711 Capaneum
478 1624 626 1689 admovet
648 1621 819 1710 Euripides
842 1622 956 1687 Phoen.
972 1623 1065 1702 1146,
1087 1636 1120 1687 et
1134 1623 1252 1687 Pausa-

151 1726 217 1790 nias
231 1747 264 1811 9,
281 1727 309 1789 8.
326 1748 397 1790 eum
413 1742 485 1791 ante
500 1726 580 1792 hanc
596 1741 721 1813 portam
741 1723 872 1789 fulmine
893 1726 990 1789 ictum
1012 1724 1165 1790 corruisse
1186 1747 1250 1789 me-

152 1843 263 1892 morat.
287 1830 387 1892 SCH.

194 1949 269 2011 424.
288 1930 394 2016 δλλος]
410 1932 507 1995 ἄλλον
522 1932 566 1995 Α.
581 1945 613 1995 et
631 1929 875 2017 superscriptum
891 1929 922 1993 in
940 1930 980 1992 B.
1026 1935 1050 1968 “
1066 1928 1149 2008 Quia
1167 1942 1250 1993 uter-

151 2055 214 2118 que
232 2033 365 2119 Tydeus
386 2047 416 2096 et
439 2034 605 2119 Capaneus
625 2033 764 2096 acerrimi
787 2031 951 2098 bellatores
972 2048 1072 2112 erant,
1092 2032 1251 2120 iidemque

151 2132 361 2221 superbissimi
381 2148 412 2199 et
431 2134 624 2214 atrocissimi,
639 2135 681 2198 sic
704 2150 807 2199 tamen
830 2149 867 2199 ut
888 2135 919 2199 in
943 2135 992 2199 his
1012 2134 1159 2199 omnibus
1182 2137 1251 2223 'ry-

149 2237 244 2301 deum
261 2239 427 2323 Capaneus
441 2236 589 2315 vinceret,
606 2236 676 2301 ideo
691 2237 741 2300 hic
755 2239 859 2324 nwjor
871 2238 926 2302 illo
941 2240 1046 2325 gigas
1060 2237 1247 2325 appellatur.

151 2339 321 2427 Euripides
331 2340 443 2404 Phoen.
456 2360 546 2427 1134.
565 2343 747 2427 Capaneum
763 2340 831 2427 ipso
842 2342 950 2404 Marte
965 2354 1058 2427 negat
1072 2339 1249 2404 inferiorem

150 2466 235 2507 esse:

278 2568 317 2634 Ὁ
332 2571 357 2632 δ’
372 2569 425 2633 οὔκ
440 2569 577 2634 έλασσον
587 2567 697 2650 'Apros
712 2570 754 2636 εἷς
766 2568 867 2652 μάχην
881 2573 1003 2650 φρονῶν

280 2671 437 2738 Καπανεὺς
447 2707 490 2721 -

152 2847 243 2911 Idem
267 2846 357 2929 (ibid.
377 2870 407 2911 v.
424 2847 530 2932 1138.)
547 2846 578 2909 in
599 2846 737 2933 Capanei
757 2844 868 2933 clypeo
889 2845 1025 2933 gigantis
1047 2845 1179 2934 effigiem
1201 2846 1249 2910 in-

150 2950 267 3014 clusam
282 2949 378 3014 fuisse
393 2964 508 3027 narrat,
523 2948 578 3036 qui
594 2948 733 3013 humeris
754 2962 850 3012 totam
872 2949 982 3014 urbem
998 2950 1141 3014 vectibus
1162 2949 1251 3015 evul-

151 3074 215 3116 sam
231 3051 426 3117 sustiueret.''
449 3053 550 3117 SCH.

193 3174 234 3234 42
235 3175 266 3239 5.
283 3155 318 3218 οδ
332 3151 395 3218 κατ’
411 3154 581 3238 ἄνθρωπον]
596 3153 673 3218 Non
683 3153 820 3217 bominis
834 3155 950 3218 instar.
977 3152 1072 3218 Ultra
1085 3153 1251 3220 hominem.

152 3271 186 3320 ut
207 3257 251 3322 ait
274 3257 463 3321 Ammianus
485 3256 629 3322 Marcell.
651 3279 670 3320 a
693 3255 831 3320 Stanleio
852 3255 974 3320 citatus.
997 3259 1072 3337 ὑπὲρ
1094 3258 1252 3339 ἄνθρωπον

151 3359 316 3440 ἐφρόνησα,
333 3359 483 3447 Xenoph.
500 3361 620 3447 Cyrop.
631 3360 661 3424 8.
678 3381 711 3445 p.
721 3376 796 3442 500.
814 3356 960 3444 Sophocl.
974 3357 1066 3443 Ajac.
1080 3360 1152 3437 760.
1169 3360 1252 3427 liores

151 3461 307 3542 ἆνθριίτον
336 3462 429 3543 φύσιν
459 3462 615 3534 Βλαστδιν,
646 3460 748 3524 ἔπειτα
778 3459 819 3539 μὴ
852 3459 915 3523 κατ’
945 3460 1103 3540 ἄνθρωπον
1132 3464 1251 3541 φρονεῖ.

151 3562 263 3649 Antig.
281 3564 353 3645 768.
378 3562 494 3644 Δράτω·
518 3565 664 3645 φρονείτω
685 3563 787 3642 μεῖζον
809 3559 827 3641 ἢ
850 3559 911 3625 κατ’
935 3559 1015 3642 ἄνδρ’
1040 3560 1101 3625 loia.
1135 3561 1252 3626 Noster

149 3664 266 3751 Agam.
282 3665 354 3749 928.
375 3665 463 3746 Λέγω
486 3663 547 3728 κατ’
568 3665 671 3746 ἄνδρα,
694 3663 734 3744 μὴ
757 3664 837 3738 θεὸν,
861 3662 969 3742 σέβειν
991 3660 1054 3742 έμέ.
1103 3662 1251 3727 Similiter

149 3764 214 3829 fere
239 3765 345 3852 posuit
371 3769 445 3829 κατὰ
467 3765 638 3830 Chionides
660 3789 712 3853 ap.
736 3763 856 3829 Polluc.
877 3784 927 3842 10,
948 3784 1002 3851 35.
1026 3764 1209 3829 emendatus
1231 3788 1252 3830 a

150 3867 293 3931 Bentleio
312 3867 344 3930 in
365 3867 468 3954 Epist.
483 3868 523 3931 ad
541 3868 723 3932 Hemstorh.
740 3892 814 3955 pag.
830 3888 881 3954 93.
907 3867 1048 3935 Πολλοὺς
1071 3869 1177 3953 ἐγῷδα,
1199 3868 1251 3933 κοῦ

151 3973 224 4033 κατδ
243 3973 292 4047 σέ,
313 3972 441 4036 νεανίας.
463 3972 615 4057 Tyrtaeus
636 3993 687 4056 sp.
713 3969 802 4033 Stob.
824 3989 877 4054 51.
900 3992 934 4056 p.
954 3988 1026 4053 195.
1051 3969 1145 4033 Grot.
1168 3972 1201 4033 οί
1218 3994 1251 4034 τε

150 4070 210 4134 κατ’
228 4070 327 4145 αὐτὸν,
346 4093 443 4158 pares
461 4073 539 4155 ορίιο.
586 4071 676 4135 Idem
699 4071 765 4135 fere
786 4069 954 4135 distichum
977 4069 1099 4134 infersit
1120 4070 1249 4156 quidam

149 4170 180 4234 in
197 4170 346 4257 Theogn.
362 4191 437 4255 931.
463 4172 637 4236 BLOMF.

191 4276 266 4352 426.
283 4275 396 4354 κραίνοι
412 4273 553 4337 L.M.N.
567 4272 650 4337 Rob.
669 4271 772 4353 κρίνοι
785 4271 891 4358 vulgo.
915 4298 935 4337 α
948 4272 988 4337 ab
1003 4271 1063 4336 alia
1084 4294 1180 4338 manu
1199 4297 1250 4339 su·

148 4376 354 4462 perscriptum
371 4374 402 4438 in
419 4376 469 4437 M.
515 4373 698 4439 Simillimus
714 4387 761 4438 est
776 4395 884 4438 versus
896 4394 973 4461 549.
989 4376 1112 4457 πύργοις
1132 4376 1253 4442 ἀπειλεῖ

148 4475 242 4543 τοῖσδ’
259 4476 333 4558 apl
349 4478 463 4558 κραίνοι
478 4478 555 4545 θεός.
