2978 5062
269 1068 527 1152 SEPTEM
556 1067 889 1153 ADVERSUS
918 1067 1186 1152 THEBAS.

624 1350 821 1383 ...φ-»-

446 1562 486 1637 C.
503 1563 548 1636 G.
561 1563 738 1639 Sclaelzii
755 1566 1013 1664 Prolepomena.

182 1769 350 1868 LAIUS,
369 1794 509 1858 Labdaci
524 1794 619 1872 filius,
637 1819 690 1859 rex
708 1769 945 1874 Thebanorum,
959 1799 1150 1869 ducastamfl,
1167 1815 1276 1857 secun·

179 1893 256 1956 dum
274 1894 426 1979 quosdam
448 1897 623 1974 creontisb,
647 1899 818 1963 secundnm
842 1900 918 1963 alios
942 1899 1114 1962 Menneoeic
1128 1896 1221 1960 filiam
1246 1897 1277 1958 in

181 1995 411 2060 matrimonium
427 1996 529 2061 duxit.
575 2000 779 2086 Epimenides
802 2000 894 2064 verotl
917 2022 989 2063 eum
1007 1998 1195 2084 Eurycleam
1212 2000 1278 2062 Ec·

181 2097 306 2184 pbantis
327 2098 420 2161 filiam
443 2099 571 2164 duxisse
591 2101 738 2174 tradidit;
762 2102 812 2164 alii
838 2117 1016 2187 utramque,
1036 2100 1224 2185 Eurycleam
1247 2114 1279 2163 et

180 2199 205 2260 J
206 2213 354 2275 ocastam‚
370 2221 484 2264 uxores
498 2199 653 2267 babuisse.

225 2303 331 2377 Quum
360 2300 456 2388 igitur
482 2304 582 2367 Laius
612 2305 699 2391 prole
724 2304 904 2391 conjugium
936 2325 1039 2367 carere
1067 2325 1151 2388 aegre
1177 2303 1280 2366 ferens

182 2402 339 2488 Apollinis
352 2405 512 2470 oraculum
529 2405 744 2484 consuluisset,
763 2427 944 2492 responsum
960 2404 1041 2483 tulit,
1057 2404 1144 2490 quod
1166 2427 1238 2468 enm
1261 2427 1280 2468 a

181 2504 380 2588 procreandis
399 2505 505 2571 liberis
525 2508 719 2572 absterreret.
766 2506 937 2592 AEscbylus
959 2520 1007 2570 ter
1027 2527 1100 2570 eum
1126 2504 1278 2570 monitum

181 2605 223 2669 ab
236 2607 362 2670 oraculo
376 2630 442 2671 esse
455 2607 557 2694 lingit,
573 2608 598 2672 si
614 2609 680 2673 sine
693 2609 798 2674 liberis
813 2623 995 2687 moreretur,
1011 2607 1142 2695 patriam
1163 2607 1280 2672 salvam

182 2707 258 2772 fore.
303 2707 369 2772 Alii
383 2709 498 2773 diserte
515 2709 543 2774 ei
566 2710 751 2797 praedictum
769 2726 951 2790 memorant,
966 2710 990 2775 si
1006 2710 1105 2774 filium
1126 2710 1279 2796 gigneret,

181 2834 266 2889 eum,
281 2811 336 2898 qui
352 2812 527 2877 nasciturus
542 2825 622 2877 esset
643 2813 827 2899 parricidam
850 2812 1023 2877 summme.
1068 2812 1172 2877 Addit
1186 2812 1280 2877 etiam

183 2913 380 3000 Euripideaf,
395 2913 570 2979 universam
587 2916 656 3000 ejus
670 2915 797 2979 domum
814 2916 1051 3000 sanguinolenta
1069 2916 1154 2979 caede
1172 2915 1278 2980 interi-

183 3031 297 3080 Iuram.

226 3119 350 3195 Causoe,
375 3141 433 3182 cur
457 3119 582 3183 oraculo
606 3142 668 3183 non
696 3119 833 3206 paruerit
859 3119 967 3196 Laius,
995 3120 1077 3182 varie
1102 3136 1278 3185 narrantur.-

182 3215 340 3280 Oblivioni
370 3215 531 3281 Diodorus
558 3217 684 3304 culpam
713 3217 861 3290 tribuit83
898 3216 1069 3302 Euripides
1097 3217 1219 3283 libidini
1247 3234 1280 3283 et

181 3317 365 3392 ebrietatih3
393 3319 607 3404 Apollodorus
635 3342 763 3406 quoque
791 3341 848 3404 per
875 3317 1053 3381 ebrietatem
1079 3341 1151 3382 cum
1181 3342 1280 3385 uxore

182 3419 384 3486 concubuisse
408 3420 525 3486 scribit.
571 3424 620 3486 At
645 3421 828 3509 AEschylus,
854 3418 942 3482 malis
965 3434 997 3483 et
1026 3418 1279 3505 imprudentibus

181 3521 351 3586 amicorum
376 3522 510 3586 consiliis
538 3538 714 3610 pennotum
744 3545 821 3600 esse,
843 3535 881 3586 ut
906 3519 1067 3585 oraculum
1097 3522 1276 3610 negligeret.

183 3625 255 3688 Non
270 3623 441 3689 defuerunt
455 3637 570 3703 tamen,
586 3626 641 3712 qui
665 3625 736 3690 Laii
757 3624 873 3689 caedem
888 3647 907 3688 a
923 3624 1049 3710 Pelopis
1063 3624 1138 3689 diris
1159 3642 1279 3713 repete.

181 3745 262 3802 rent,
277 3725 394 3813 quibus
416 3726 466 3791 bic
488 3726 587 3807 illum,
608 3728 672 3791 lilio
687 3727 881 3815 Chrysippo,
896 3725 989 3810 cujus
1009 3747 1113 3791 amore
1135 3725 1280 3796 incensus

182 3842 270 3906 esset,
286 3843 387 3915 rapto,
403 3828 600 3894 devovissen.

226 3931 346 3994 Natum
369 3929 428 3995 sibi
449 3953 467 3992 e
489 3932 615 3996 locusta
631 3931 794 4007 infantem,
814 3929 914 3993 Laius
933 3930 1049 4016 pastori
1071 3930 1195 3995 cuidam
1216 3947 1280 3999 tras

177 4031 268 4117 jectis
289 4033 390 4097 ferrea
411 4032 509 4097 fibula
530 4031 664 4119 pedibus
685 4030 905 4119 exponendum
924 4027 1023 4108 dedit,
1038 4054 1056 4094 a
1072 4054 1136 4117 quo
1150 4034 1277 4119 quidem

215 4223 303 4271 annis
315 4223 460 4286 Epioastam,
472 4223 572 4272 Homer.
583 4221 722 4284 Apollodor.
735 4236 757 4283 3,
770 4238 793 4282 5,
805 4234 826 4283 7.
893 4221 992 4268 bDiod.
1005 4221 1051 4269 Slc.
1063 4235 1087 4281 4,
1099 4223 1139 4281 64.
1202 4226 1280 4274 essu.

181 4305 227 4367 rip.
240 4304 358 4353 Phoeniss.
371 4320 395 4352 v.
407 4319 444 4352 ιο.
528 4302 990 4365 dSchol.adllurip.'Phoeuiss.r.13.
1079 4303 1278 4368 eApollodor.3,

183 4401 206 4447 5,
220 4398 242 4447 7.
316 4385 457 4434 {Phunisa
469 4400 491 4431 v.
502 4398 541 4432 ao.
570 4384 609 4432 Sic
620 4392 645 4432 et
657 4383 756 4431 Diodor.
769 4383 815 4431 Sic.
828 4383 844 4429 l.
856 4398 877 4430 c.
953 4383 1042 4430 albld.
1118 4385 1161 4432 hl.
1174 4386 1190 4434 l.
1202 4404 1224 4434 s.
1238 4401 1282 4436 21.

182 4468 189 4506 ¹
202 4467 280 4516 Schol.
291 4469 322 4516 ad
335 4467 419 4530 Eurip.
434 4466 551 4516 Pboeniss.
564 4482 586 4512 v.
597 4464 636 4514 66.

707 4562 762 4612 Η
