2978 5062
542 340 609 401 ΑΙ)
634 340 822 404 PERSAS.
1168 345 1230 408 231

131 509 273 575 rectioris
284 509 385 574 oetatis
395 526 472 573 erat.
519 511 661 574 Nuntius
681 533 743 575 non
759 534 797 574 ex
813 533 921 575 eorum
938 535 1069 576 numero
1083 528 1141 593 est,
1155 539 1235 601 quos

133 613 273 677 Xerxem
291 635 347 698 per
360 624 445 675 certa
460 611 627 676 stationum
651 612 813 676 intervalla
835 612 1023 700 disposuisse
1045 615 1151 681 scribit
1166 619 1234 681 He·

130 714 270 792 rodotus,
286 715 339 778 sed
363 715 429 801 ipse
446 736 549 777 rerum
572 731 730 800 gestarum
754 713 869 778 testis
894 714 1012 780 Darius
1031 733 1136 781 autem
1161 720 1233 808 Hy·

131 816 243 903 staspis
265 817 349 881 lilius
371 816 514 903 quinque
538 816 628 880 annis
652 833 725 880 ante
749 818 916 881 Persarum
941 816 1060 882 cladem
1091 834 1235 886 mortuus

132 933 209 984 erat.
255 919 337 1005 Ejus
354 920 495 983 umbram
511 918 552 982 ab
567 917 674 982 inferis
685 933 843 982 evocatam
861 920 1088 1005 spectatoribus
1098 923 1235 989 ostendit

132 1021 270 1108 tragicus
294 1036 409 1099 noster,
433 1021 467 1084 in
495 1044 566 1108 quo>
584 1043 656 1084 eum
683 1021 725 1085 ob
746 1042 929 1106 generosam
954 1044 1036 1086 nova
1058 1022 1234 1089 inveniendi

133 1123 295 1188 audaciam
306 1123 373 1210 jam
389 1122 510 1210 antiqui
526 1123 691 1211 scriptores
705 1121 845 1186 laudant.
873 1122 1006 1186 Xerxen
1021 1122 1233 1210 deniquenon

133 1226 246 1307 solum,
267 1226 321 1290 sed
343 1226 564 1290 comitantibus
585 1225 667 1291 forte
686 1224 795 1313 paucis
814 1224 948 1304 asseclis,
967 1227 1063 1291 mutis
1084 1222 1234 1314 personis,

133 1350 254 1392 scenam
276 1327 457 1414 ingressum,
466 1351 532 1392 esse
552 1327 694 1413 conjicio.
735 1326 855 1413 Agitur
876 1344 980 1391 autem
1001 1327 1111 1393 fabula
1133 1328 1233 1411 Susis,

133 1446 205 1494 ante
229 1429 330 1516 regias
358 1430 460 1503 sedem
491 1453 571 1516 quas
599 1453 618 1494 a
642 1430 755 1493 dextro
778 1444 835 1493 aut
861 1429 984 1493 sinistro
1011 1429 1104 1496 latere
1134 1455 1234 1497 scenae

134 1547 370 1620 repraesentatas
391 1532 497 1612 fuisse,
513 1530 660 1597 credibile
681 1544 739 1611 est,
755 1531 799 1596 ita
823 1547 858 1596 ut
880 1555 899 1596 a
920 1532 1037 1618 postica
1057 1533 1125 1621 ejus
1145 1549 1234 1622 parte

134 1633 224 1698 Darii
236 1633 415 1720 sepulcrum
432 1633 657 1722 spectatoribus
670 1634 895 1698 ostenderetur.

176 1736 249 1801 Diei
279 1750 404 1824 tempus
439 1736 584 1823 nuspiam
619 1735 653 1799 in
686 1736 744 1800 hac
771 1736 923 1824 tragoedia
951 1736 1066 1801 diserte
1095 1753 1230 1805 notatur.

134 1837 277 1903 Aetionis
302 1853 405 1903 tamen
434 1837 557 1901 initium
583 1851 656 1902 ante
685 1839 844 1903 meridiem
870 1838 944 1925 poni
970 1837 1043 1903 inde
1065 1839 1231 1927 colligitur,

131 1940 218 2025 quod
233 1944 352 2005 Atossa
366 1940 477 2004 somnii
491 1940 578 2027 quod
594 1942 753 2026 superiore
771 1956 861 2007 nocte
876 1939 1008 2018 viderat,
1025 1940 1231 2006 narrationem

133 2063 194 2105 non
211 2041 336 2105 videtur
351 2043 382 2105 in
399 2041 675 2127 postmeridianum
691 2058 816 2127 tempus
830 2039 995 2105 distulisse.

176 2146 305 2207 Scenam
328 2143 451 2208 oedibus
472 2166 510 2208 ac
532 2143 623 2208 Darii
648 2159 851 2206 monumento
870 2143 1047 2208 decoratam
1070 2143 1165 2208 fuisse
1184 2169 1233 2211 res

130 2246 198 2332 ipsa
211 2245 313 2311 docet.
359 2247 503 2322 Quonam
519 2267 594 2309 vero
613 2244 768 2309 schemate
783 2244 956 2331 AEschylus
978 2268 1053 2309 usus
1074 2246 1169 2311 fuerit
1190 2248 1232 2314 ad

130 2347 310 2412 histrionem
336 2348 393 2434 qui
422 2346 513 2413 Darii
543 2346 687 2410 umbram
717 2345 909 2423 imitabatur,
936 2346 1143 2428 vestiendum,
1169 2373 1231 2415 non

129 2464 258 2516 constat.
305 2449 391 2515 Illud
415 2463 545 2515 certum*
558 2464 615 2528 est,
631 2471 703 2515 eum
726 2448 836 2513 habitu
854 2471 982 2536 quoque
1004 2451 1118 2538 specui
1133 2476 1233 2538 quan·

129 2553 202 2618 dam
225 2552 459 2618 similitudinem
485 2577 554 2641 pree.
576 2576 609 2617 se
634 2552 752 2617 tulisse.
796 2550 955 2615 Machinis
978 2574 1106 2639 quoque
1128 2553 1230 2619 locum

129 2655 224 2719 fuisse
238 2655 379 2744 conjicio,
395 2655 513 2742 quibus
527 2655 730 2720 extolleretur
745 2652 835 2717 Darii
849 2675 992 2740 persona,
1003 2678 1074 2718 cum
1091 2674 1234 2744 surgeret

130 2758 170 2822 ab
184 2758 301 2836 inferis,
317 2781 354 2824 ac
369 2758 411 2822 ad
425 2757 549 2823 eosdem
566 2757 697 2834 rediens,
714 2757 950 2843 deprimeretur.
975 2759 1063 2822 SCH
1071 2761 1209 2826 UETZ.

173 2862 224 2925 De
239 2876 378 2948 tempore
400 2862 498 2949 hujus
513 2859 676 2948 tragoedias
690 2859 822 2946 ejusque
836 2860 876 2924 ad
901 2861 1072 2948 Phrynichi
1090 2863 1246 2928 Phoenis··

129 2985 178 3027 sas
199 2963 371 3028 rationibus
393 2964 510 3050 optime
534 2962 680 3027 disseruit
707 2961 914 3027 Blomfieldus
934 2962 965 3027 in
987 2964 1171 3051 praelatione
1190 2966 1231 3032 ad

129 3067 299 3130 Persarum
313 3066 501 3131 editionem:
524 3065 617 3152 cujus
631 3064 853 3151 disputationis
871 3088 1024 3130 summam
1041 3090 1097 3132 nos
1118 3071 1232 3156 partim

130 3167 307 3233 Blomfieldi
323 3169 437 3257 partim
452 3168 565 3233 nostris
580 3182 704 3232 utentes
717 3167 820 3231 verbis
834 3167 1027 3231 exhibemus.

173 3269 329 3334 Salamine
351 3283 528 3358 pugnaturn
540 3281 588 3331 est
601 3267 720 3355 olymp.
738 3282 790 3351 75,
808 3287 835 3331 1.
866 3268 1019 3353 Ejusdem
1034 3269 1233 3357 Olympiadis

129 3395 211 3435 anno
233 3371 334 3448 tertio,
359 3369 562 3456 Phrynichus
583 3367 767 3454 tragoediam
790 3366 925 3431 Athenis
946 3368 1064 3447 docuit,
1083 3370 1232 3457 vicitque,

129 3469 343 3535 Themistocle
362 3471 509 3556 chorego,
532 3484 666 3557 praetore
688 3466 875 3533 Adimauto.
921 3471 989 3534 Nec
1010 3471 1144 3536 dubium
1166 3495 1233 3537 esse

127 3588 243 3660 potest,
259 3572 335 3658 quin
350 3569 523 3637 Pboenissae
534 3569 630 3635 fuerit
645 3569 779 3656 istaque
791 3570 864 3635 vicit
876 3570 1001 3636 fabula:
1020 3580 1041 3612 ‘⁶
1050 3575 1137 3661 quod
1149 3577 1232 3639 enim

128 3674 233 3763 aptius
257 3687 479 3761 argumentum
504 3671 637 3738 inveniri
662 3686 796 3760 poterat,
822 3685 854 3737 et
883 3672 1010 3737 uberius
1032 3673 1073 3737 ad
1101 3673 1232 3761 gloriam

130 3776 362 3855 Themistoclis,
385 3797 480 3864 quarn
504 3773 610 3841 clades
635 3773 765 3852 Xerxis,
788 3773 820 3838 in
846 3796 911 3861 qua
936 3788 1024 3839 tenta
1048 3776 1117 3862 ejus
1138 3799 1233 3864 opera

128 3879 297 3945 fuer-aram
322 3881 394 3943 Hoc
415 3891 520 3942 autem
542 3875 640 3941 fuisse
653 3875 888 3941 Phoenissarum
907 3893 1128 3964 argumentum
1142 3879 1233 3943 disci·

128 4005 199 4046 mus
214 4005 254 4046 ex
268 3997 396 4046 auctore
410 3979 587 4067 argumenti
607 3979 647 4043 ad
670 3980 793 4054 Persas,
809 3979 864 4066 qui
880 3979 955 4044 citat
970 3979 1129 4045 Glaucum
1146 3981 1233 4045 Rhe·

127 4086 237 4171 ginum
254 4087 288 4148 ἐν
303 4085 447 4164 τοῖςπερὶ
463 4084 621 4166 Αἰσχύλου
634 4085 743 4162 μύθων.
768 4083 940 4169 Prologum
955 4084 1118 4171 tragoediae
1130 4085 1232 4173 Phry·

128 4186 247 4250 nicheae
271 4185 386 4271 agebat
411 4185 586 4258 eunuchus,
610 4183 677 4269 qui,
700 4182 777 4247 dum
804 4187 969 4249 Persarum
1000 4186 1233 4272 magistratibus

218 4430 232 4457 ¹²
245 4419 349 4468 Bentleii
362 4420 461 4469 Dissert„
473 4421 503 4467 da
515 4419 613 4468 Phaiar.
625 4435 656 4468 ex
667 4418 777 4468 versione
791 4419 908 4482 Menapii
918 4435 943 4482 p.
951 4433 1007 4484 293.
1018 4421 1057 4469 ed.
1069 4422 1139 4484 1781.
