2978 5062
552 347 618 409 AD
642 347 831 410 PERSAS.
1179 350 1243 413 255

143 531 282 574 munus:
305 514 390 597 quod
413 514 523 579 fuisset
539 517 583 582 οἷς
603 516 692 583 τέλος
713 518 790 580 τόδε.
813 514 876 579 vid.
893 518 1010 602 Agam.
1026 535 1099 600 909.
1138 517 1243 594 Verte,

142 613 255 698 quibus
268 615 334 678 lroec
347 637 441 679 sacra
457 622 585 704 (nempe
598 620 642 682 ad
651 622 774 682 somnia
788 619 964 705 οαρίααιία)
976 620 1148 703 pertinent.
1174 621 1243 683 Eu-

142 714 202 801 rip.
219 715 308 779 Med.
328 735 419 803 1379.
443 721 562 799 Σεμνὴν
582 721 686 802 ἑορτὴν
708 722 757 785 καὶ
778 720 852 800 τέλη
866 720 1076 803 προσάγομεν.
1110 721 1242 808 Hippot.

145 837 163 882 2
164 837 195 900 5.
208 824 332 898 Σεμνῶν
346 822 376 886 ές
391 824 466 903 ὄψιν
480 824 528 885 καὶ
542 822 615 902 τέλη
629 827 806 903 μυστηρίων.
823 822 877 886 ubi
894 821 965 885 vide
981 823 1095 887 Monlt.
1127 826 1242 911 Eurip.

142 941 192 1005 ap.
210 921 328 984 Athen.
345 945 376 1008 p.
387 943 440 1002 40.
456 925 499 986 D.
513 928 602 1007 μικρὰ
617 926 738 991 θύοντες
752 925 835 1004 τέλη.
859 927 1033 990 BLOMF.

187 1041 259 1108 205.
276 1025 388 1110 αἰετὸν]
406 1025 611 1089 Scribendum
628 1027 717 1090 ἀετὸν
731 1050 801 1091 cum
818 1027 988 1092 Brunclrio.

186 1142 258 1206 207.
273 1127 471 1213 μεθύστερον]
486 1127 550 1209 μεθ’
566 1131 692 1210 ὕστερον
707 1131 757 1191 M.
773 1128 850 1193 Ald.
867 1131 951 1195 Rob.
969 1134 1073 1195 Turn.

187 1228 299 1311 κίρκον]
328 1231 449 1294 Νοιιιιιι
472 1231 605 1317 dignum
631 1245 689 1308 est,
716 1231 905 1296 simillimum
931 1247 1113 1318 portentum
1133 1235 1240 1301 iisdem

142 1326 206 1392 fere
222 1331 324 1393 verbis
344 1332 385 1394 ab
404 1333 570 1419 Herodoto
585 1348 744 1397 narratum
767 1356 844 1411 esse,
864 1333 965 1397 visum
986 1350 1102 1421 septem
1128 1339 1241 1402 Persa·

141 1452 212 1493 rum
239 1434 420 1519 conjuratis,
445 1457 545 1521 quum
573 1434 614 1498 de
641 1435 763 1499 Smerdi
789 1436 1002 1522 aggrediendo
1023 1436 1242 1517 deliberarent,

142 1533 325 1613 ὠθιζομένων
347 1540 380 1601 δὲ
402 1538 507 1612 αὐτῶν,
533 1538 630 1620 έφιῖνη
654 1539 762 1620 ίρήκων
785 1542 861 1603 iord
882 1543 997 1622 ζεύγεα,
1023 1544 1076 1605 δύο
1099 1545 1243 1624 αἰγυπιῶν

143 1636 257 1718 ζεύγεα,
282 1638 425 1703 διιύκσντύ
457 1666 490 1704 τε
518 1642 565 1705 καὶ
595 1643 740 1705 τίλλοντα
773 1643 821 1706 καὶ
847 1644 1030 1723 ἀμύσσοντα.
1069 1644 1243 1732 AEsohylus

140 1755 245 1803 autem
268 1740 308 1804 ad
330 1741 505 1806 Homerum
527 1743 608 1807 sorte
631 1745 777 1830 respexit,
800 1745 862 1810 Od.
887 1751 925 1810 Ο.
948 1762 1023 1830 524.
1047 1749 1087 1814 ὡς
1110 1749 1169 1831 δρα
1195 1754 1243 1814 fot

142 1844 275 1907 ferndum
298 1843 445 1908 ἐπέπτατο
467 1846 561 1924 δεξιὸς
582 1849 673 1928 ὅρνις,
698 1849 814 1926 Κίρκος,
828 1845 1025 1915 ’Λπόλλωνος
1045 1849 1138 1931 ταχὺς
1151 1852 1241 1932 ἄγγε-

140 1949 203 2010 λος·
228 1947 262 2007 ἐν
282 1947 314 2007 δὲ
337 1947 465 2008 πόδεσσι
483 1949 580 2010 Τίλλε
605 1947 731 2011 πέλειαν
758 1949 847 2030 ἔχων,
870 1951 943 2011 κατδ
976 1950 1008 2011 δὲ
1033 1953 1127 2031 πτερδ
1151 1958 1243 2034 χεῦεν

140 2047 234 2128 ἔραζε.
258 2047 434 2110 BLOMF.

184 2168 258 2233 209.
280 2149 308 2232 γ’
324 2173 385 2213 om.
402 2150 479 2214 Ald.
497 2152 579 2216 Rob.
603 2153 681 2216 Post
696 2151 786 2232 δέρος
805 2153 836 2216 in
856 2155 984 2218 Barocc.
1002 2157 1079 2218 Ven.
1096 2154 1196 2242 primo
1210 2172 1242 2221 et

139 2252 218 2315 Ald.
235 2251 356 2316 illatum
372 2257 413 2338 τῷ
428 2257 514 2339 κίρκῳ
528 2256 698 2319 τύπτεσθαι.

184 2375 255 2421 210.
272 2355 334 2419 ἔστ’
351 2356 437 2441 ἰδεῖν]
454 2359 565 2421 ἐσιδεῖν
581 2357 632 2419 Μ.

184 2477 256 2542 213.
281 2464 372 2524 κακῶς
394 2460 427 2521 δὲ
447 2459 560 2537 πράξας
579 2459 636 2541 οὐχ
653 2460 816 2524 ὑπεύθυνος
835 2462 933 2533 πόλει,
958 2461 1064 2527 σωθεὶς
1088 2460 1113 2523 δ’
1134 2464 1242 2541 ὁμοίως

139 2562 229 2637 τῆσδε
242 2567 374 2641 κοιρανεῖ
385 2553 504 2645 χθονός]
519 2559 701 2634 Scholiasta,
714 2561 749 2624 οὐ
758 2561 943 2642 τιμωρητέος,
954 2564 989 2626 οὐ
1003 2565 1085 2630 δίκας
1095 2566 1239 2645 ὀφείλων,

140 2664 188 2725 διδ
208 2662 339 2742 rbitris
362 2663 452 2727 αὐτὸν
472 2666 661 2744 παρορμῆσαι
685 2663 734 2726 καὶ
760 2665 847 2749 κοινῷ
871 2665 995 2746 δόγματι
1017 2666 1162 2747 γενέσθαι
1184 2667 1239 2746 την

140 2765 255 2829 ἐκείνου
270 2766 373 2844 ἔξοδον
388 2767 436 2829 καὶ
449 2764 523 2845 πρὸς
533 2764 601 2831 τοὺς
613 2761 792 2843 Ἀθηναίους
805 2766 917 2847 ἄφιξιν.
962 2767 1073 2853 Hujus
1087 2768 1239 2855 interpre-

139 2866 263 2930 tationis
284 2867 507 2931 absurditatem
523 2865 629 2952 aliqua
643 2889 683 2929 ex
705 2883 794 2953 parte
816 2868 910 2932 sensit
935 2869 1132 2948 Schuetzius,
1149 2873 1241 2958 cujus

140 2968 206 3033 brec
230 2984 277 3033 est
297 2970 458 3033 annotatio
481 2971 598 3046 “Non,
625 2984 659 3033 ut
685 2969 848 3034 scholiasta
870 2971 1016 3057 explicat,
1038 2973 1113 3059 quia
1137 2974 1241 3061 culpae

138 3070 227 3136 istius
241 3073 339 3136 socios
354 3071 467 3135 habeat
481 3071 681 3148 consiliarios,
693 3073 749 3159 qui
765 3096 836 3137 eum
852 3072 891 3137 ad
908 3074 1135 3161 suscipiendam
1147 3100 1240 3164 expe-

138 3172 286 3236 ditionem
302 3173 333 3235 in
347 3171 502 3236 Graeciam
518 3172 721 3259 impulerint3
746 3173 800 3236 sed
813 3173 918 3260 potius
929 3173 1004 3260 quia
1015 3190 1143 3260 propter
1155 3177 1248 3239 οὐτο-1

139 3279 228 3356 κρατῆ
242 3275 408 3353 βασιλείαν
422 3276 471 3339 καὶ
486 3276 699 3347 ἀνυπεύθυνον,
717 3291 753 3338 ut
769 3273 931 3338 Plutarchi
944 3274 1045 3338 verbis
1067 3290 1205 3350 utamur,
1221 3300 1241 3340 a

138 3378 260 3441 nemine
274 3377 400 3455 civium,
416 3392 454 3441 ut
468 3399 571 3441 rerum
587 3375 668 3439 male
682 3391 841 3461 gestarum
855 3375 1003 3439 rationem
1017 3376 1174 3455 redderet,
1185 3393 1241 3441 aut

137 3503 261 3544 causam
287 3479 414 3556 diceret,
438 3480 508 3565 cogi
532 3491 664 3565 poterat.
689 3483 821 3558 κοιρανεῖ
844 3475 877 3539 h.
895 3477 916 3540 l.
941 3477 1116 3541 futurum.”
1160 3480 1241 3556 Quae

137 3584 214 3648 nihil
229 3582 321 3671 plane
336 3584 501 3648 conferunt
516 3582 555 3646 ad
571 3580 629 3646 loci
642 3580 739 3665 liujus
749 3578 963 3643 difficultatem
977 3579 1154 3657 tollendam,
1166 3603 1240 3666 quae

137 3710 199 3750 non
217 3687 249 3750 in
265 3687 384 3750 ratione
399 3686 458 3749 sita
472 3701 519 3748 est
533 3683 655 3749 civibus
670 3682 719 3745 vel
737 3681 897 3745 reddenda
912 3681 959 3744 vel
984 3703 1044 3744 non
1068 3681 1240 3760 reddenda,

137 3789 238 3853 sedin
254 3788 475 3852 sententiarum
492 3786 709 3851 consecutione
722 3784 868 3849 absurda.
913 3786 996 3847 Nam
1014 3782 1056 3847 sic
1079 3784 1146 3848 hoec
1169 3808 1238 3871 pro-

137 3891 265 3967 cedunt,
281 3890 411 3967 Videtis,
428 3888 531 3976 inquit
545 3893 670 3964 Atossa,
686 3902 806 3972 quanto
816 3885 848 3949 in
871 3885 1045 3950 discrimine
1061 3909 1237 3951 versemur:

137 4017 207 4057 nam
227 3994 251 4057 si
272 4016 306 4056 re
325 3993 403 4055 bene
424 4007 512 4076 gesta
531 3989 614 4053 iilius
633 4011 722 4053 meus
742 3986 879 4062 redierit,
895 3987 1017 4051 civibus
1039 3986 1239 4052 admirationi

136 4098 214 4169 erit;
240 4097 264 4159 si
288 4094 367 4158 male
389 4110 488 4177 gesta,
511 4091 660 4156 rationem
685 4089 802 4154 civitati
823 4112 885 4152 non
906 4089 1025 4166 reddet,
1049 4090 1102 4153 sed
1124 4089 1238 4168 salvus,

137 4216 172 4263 ut
191 4199 308 4273 adhuc,
328 4213 419 4261 terne
441 4194 537 4280 hujus
556 4192 720 4279 imperium
743 4206 827 4256 tenet
851 4191 1012 4272 (tenebit),
1034 4190 1066 4254 id
1086 4208 1142 4270 est,
1163 4193 1238 4257 nihil

136 4299 313 4366 detrimenti
334 4298 444 4384 capiet.
490 4296 582 4375 Quod
606 4297 698 4380 plane
719 4293 908 4358 contrarium
933 4309 981 4356 est
1003 4307 1100 4379 atque
1118 4294 1181 4359 dici
1198 4298 1239 4361 ab

137 4406 253 4466 Atossa
268 4400 389 4476 debuit,
405 4400 497 4485 cujus
519 4398 598 4462 hanc
619 4397 725 4484 potius
747 4409 881 4459 mentem
905 4417 970 4458 esse
991 4413 1133 4480 apparet,
1148 4406 1240 4467 κακῶς

136 4508 168 4567 δὲ
189 4505 302 4586 πράξας
324 4503 381 4585 ούχ
399 4504 563 4568 ὑπεύθυνος
583 4502 640 4579 μὶν
661 4500 747 4563 ἔσται
777 4523 813 4583 τῃ
831 4499 930 4575 πόλει,
955 4500 1061 4567 σωθεὶς
1082 4498 1107 4564 δ’
1131 4503 1240 4582 ἆτίμως
