2978 5062
603 367 671 430 AD
694 367 883 432 PERSAS.
1229 362 1293 432 265

191 533 358 622 Syennesis
371 556 426 598 rex
442 534 572 614 Cilicioe,
587 536 724 622 Cyaxari
746 551 779 601 et
794 536 918 624 Alyatti
938 548 1124 615 oooetaneus,
1139 557 1292 601 memora·

80 715 82 718 Υ
190 651 243 700 tur
258 636 426 701 Herodoto
441 657 469 716 1,
486 637 539 718 64.
569 636 712 702 Alterius
726 638 787 702 sub
801 637 901 702 Dario
916 637 1104 702 mentionem
1119 637 1194 702 facit
1209 636 1293 702 idem

188 738 312 823 5,118.
347 739 495 804 Meminit
515 755 548 804 et
568 739 650 804 tertii
677 739 861 828 Xenophon
884 739 916 804 in
940 738 1046 804 Anah.
1068 758 1100 821 7,
1118 741 1149 818 8,
1167 756 1217 824 25.
1239 738 1294 804 ubi

191 863 280 927 reges
301 841 441 906 omnium
462 842 638 930 regionum,
662 865 742 929 quas
764 843 796 905 in
818 841 1018 930 expeditione
1036 841 1090 905 illa
1109 864 1294 928 peragrave-

190 958 261 1008 rant
276 943 381 1008 Graeci
404 959 575 1009 enumerat.
601 945 770 1010 STANL.
816 946 929 1009 Veram
953 942 1087 1008 nominis
1108 943 1294 1030 scripturam

190 1045 327 1111 restituit
347 1048 451 1110 Turn.
474 1045 740 1110 consentientibus
760 1044 854 1110 oodd.
877 1044 1043 1111 nonnullis.
1078 1046 1222 1113 Σύννεσις
1243 1045 1294 1109 Μ.

189 1147 315 1234 aliique.
352 1147 419 1212 Alii
436 1150 572 1223 Σόνεσις,
588 1163 625 1213 ut
638 1146 717 1213 Ald.
733 1147 817 1212 Rob.
900 1210 904 1217 .

233 1250 361 1336 πρῶτος]
384 1250 472 1318 αὐτὸς
493 1249 617 1315 addunt
634 1250 756 1338 aliquot
769 1247 899 1314 codices.
935 1249 1030 1328 Quod
1045 1249 1175 1314 fortasse
1189 1261 1294 1314 ortum

190 1370 231 1411 ex
246 1353 310 1425 αῖς,
325 1348 412 1434 quod
426 1355 540 1431 πρῶτος
554 1349 718 1436 significat.

234 1468 308 1538 327.
337 1453 483 1539 ἄπαρχος]
513 1452 643 1536 ἔπαρχος
673 1453 716 1517 N.
741 1466 774 1516 et
799 1477 849 1534 γρ.
873 1451 911 1515 Β.
949 1450 1044 1529 Quod
1070 1448 1293 1538 recipiendum.

192 1553 314 1617 Eadem
331 1553 537 1641 discrepantia
551 1553 702 1620 librorum
719 1557 947 1641 Agam.1o37.

234 1657 308 1741 328.
324 1657 464 1743 εὐκλεῶς]
479 1683 527 1740 γρ.
544 1663 658 1737 νηλεῶς
673 1658 712 1721 Β.
736 1659 870 1738 ἀνηλεῶς
883 1655 950 1720 duo
963 1655 1056 1720 codd.

234 1776 309 1843 329.
324 1759 446 1823 τοιῶνδέ
462 1759 491 1841 γ’
507 1762 608 1844 ἀρχῶν
622 1759 731 1825 infelix
748 1758 875 1826 Cauteri
890 1759 1072 1844 conjectura
1085 1773 1141 1823 est.
1175 1760 1297 1827 τοιῶνδέ

191 1856 220 1941 γ’
247 1860 402 1942 ἀρχόντων
431 1858 516 1924 Rob.
547 1862 658 1948 Steph.
687 1860 800 1926 τοιῶνδ’
827 1862 983 1944 ἀρχόντων
1008 1861 1151 1926 A.B.M.
1181 1861 1296 1949 aliique

191 1959 283 2024 multi
298 1983 369 2023 cum
385 1959 463 2025 Ald.
478 1961 592 2026 τοιῶνδ’
605 1963 650 2044 ἀρ’
666 1964 763 2027 ὄντων
777 1964 881 2026 Turn.
904 1962 978 2046 Ego
992 1961 1116 2025 sublato
1131 1964 1295 2047 ἀρχόντων,

191 2061 279 2148 quod
300 2062 342 2126 ab
355 2061 524 2150 interprete
545 2062 738 2150 adscriptum
761 2062 836 2141 fuit,
852 2084 896 2126 ttc
917 2060 1001 2126 hunc
1016 2084 1140 2126 versum
1160 2064 1296 2130 redinte-

190 2163 348 2252 grandum
370 2186 490 2243 censeo,
513 2169 635 2230 τοιῶνδε
656 2169 749 2229 τῶνδε
773 2167 827 2228 νῦν
845 2162 1037 2244 ὑπεμνήσθην
1055 2162 1135 2247 πέρι.
1178 2167 1226 2231 Et
1245 2168 1297 2250 ἀρ-

190 2269 309 2350 χόντων
328 2265 516 2331 Blomfieldo
536 2288 665 2354 quoque
684 2281 864 2353 suspectum
884 2264 958 2343 luit,
979 2265 1035 2352 qui
1053 2271 1175 2333 τοιῶνδε
1192 2268 1296 2350 μέντοι

191 2369 333 2454 conjecit.

235 2491 311 2558 330.
326 2469 526 2557 ἀπαγγέλλω]
539 2471 706 2554 ἀπαγγελῶ
721 2468 798 2534 Ald.
815 2469 901 2534 Rob.

234 2594 310 2660 333.
324 2572 402 2638 τοῦτ’
421 2572 529 2660 steph.
545 2588 578 2638 et
590 2572 721 2638 codices.
744 2570 823 2638 ταῦτ’
840 2571 918 2637 Ald.
934 2572 1018 2637 Rob.
1035 2574 1138 2637 Turn.
1415 2625 1423 2641 .

236 2697 310 2763 334
334 2702 363 2741 τι
380 2677 485 2739 Turn.
508 2677 541 2740 δὲ
562 2676 740 2740 A.B.C.M.
765 2674 915 2740 Cantabr.
939 2673 1060 2762 primus
1081 2689 1113 2740 et
1135 2674 1296 2757 Guelf.oh

194 2780 323 2843 Barocc.
337 2777 490 2843 Cantabr.
504 2776 672 2855 secundus,
685 2777 764 2842 Ald.
780 2777 863 2841 Rob.
882 2776 992 2865 Steph.

235 2882 310 2966 336.
325 2879 474 2965 συνάψαι]
492 2879 700 2945 Scribendum
713 2877 849 2963 ξυνάψαι
863 2901 936 2943 cum
951 2877 1121 2943 Brunckio.

236 2980 365 3046 ναΐοισιν
387 2982 437 3046 Μ.
460 2981 576 3068 aliique
599 2981 740 3046 nonnulli
765 2996 798 3046 et
821 2983 925 3046 Turn.
960 2979 1080 3069 ναίῃσιν
1105 2980 1182 3046 Ald.
1206 2983 1292 3050 Rob.

191 3082 325 3148 ναΐοισιν
339 3083 555 3150 Blomfieldus.
593 3084 688 3150 Couf.
702 3083 744 3148 ad
759 3106 791 3148 v.
804 3100 877 3169 279.

236 3202 312 3271 337·
330 3185 380 3272 n]
395 3186 433 3266 tv
448 3187 487 3251 1³·

232 3286 420 3374 βαρβάρονς]
436 3286 602 3369 βαρβάρων
620 3310 659 3351 ex
677 3288 728 3350 M.
755 3286 857 3351 Viteb.
873 3285 1004 3372 aliisque
1016 3284 1175 3351 nonnullis
1189 3300 1295 3351 enota-

192 3404 278 3455 tum:
302 3389 391 3454 etsie
405 3389 484 3453 Ald.
500 3389 586 3453 Rob.
603 3387 687 3453 uude
709 3387 869 3470 βάρβαρον
882 3387 1016 3471 conjecit
1030 3386 1180 3450 Halmius
1194 3410 1227 3474 p.
1244 3407 1292 3472 19.

190 3492 279 3579 quod
294 3514 356 3556 non
372 3491 549 3579 praeferam.
572 3489 747 3573 βαρβάρους
760 3492 865 3554 Turn.
880 3487 1002 3574 Steph.,
1017 3488 1293 3567 consentientibus,

191 3593 216 3658 si
231 3592 308 3681 quid
324 3617 363 3658 ex
378 3593 500 3658 silentio
514 3590 736 3680 colligendum,
750 3592 869 3678 aliquot
885 3589 1053 3656 codicibus

232 3698 308 3781 338.
327 3695 435 3761 ναυσὶν
449 3698 618 3760 Porsonus.
643 3695 731 3759 ναυσὶ
745 3692 829 3759 libri.

232 3817 307 3883 339.
328 3799 380 3861 De
394 3797 522 3862 navium
538 3819 670 3861 numero
683 3795 845 3884 sequentia
859 3808 948 3860 notat
968 3795 1133 3861 Stanleius.
1167 3803 1189 3836 “
1203 3798 1294 3862 Grae·

117 3939 127 3958 .
189 3923 298 3965 corum
324 3898 451 3964 classem
475 3899 595 3964 Ctesias
621 3899 888 3985 septingentarum
900 3897 1025 3962 navium
1050 3898 1146 3963 fuisse
1168 3914 1292 3979 narrat;

190 4004 225 4067 at
237 4002 423 4067 Herodotus
438 4002 470 4082 8,
482 4003 533 4067 82.
547 3999 679 4064 nonnisi
693 4014 901 4064 trecentarum
912 4011 944 4064 et
958 4000 1135 4086 octop'nta3
1158 4025 1295 4089 quarum

194 4104 232 4168 16
255 4118 379 4169 tautum
402 4101 647 4180 Lacedaemonii,
672 4104 731 4167 180
752 4102 962 4167 Athenienses
984 4103 1197 4189 praebuerunt.
1243 4107 1296 4172 De

190 4206 373 4271 Atticarum
399 4204 527 4270 navium
552 4226 685 4269 numero
713 4204 859 4268 convenit
888 4203 1080 4269 Plutarchus
1107 4205 1140 4268 iu
1165 4205 1295 4272 Themi-

190 4307 287 4372 stocle
301 4330 327 4373 ο.
347 4327 415 4389 14:
439 4307 517 4395 quin
539 4309 606 4394 ipse
627 4306 812 4370 Herodotus
828 4325 858 4388 7,
874 4307 926 4369 61.
949 4328 1043 4371 naves
1063 4308 1296 4389 πεπληρωμένας

193 4427 256 4474 200
278 4409 529 4475 Atheniensibus
549 4407 679 4484 tribuit;
713 4407 764 4472 cui
788 4407 900 4472 accinit
923 4406 1084 4473 Diodorus
1111 4408 1235 4474 Siculus
1264 4430 1295 4490 1,

194 4529 244 4597 15.
267 4511 391 4577 Xerxis
411 4510 540 4576 classem
558 4509 642 4576 mille
656 4509 863 4575 ducentarum
878 4524 911 4574 et
925 4523 1043 4597 septem
1059 4509 1186 4577 navium
1200 4510 1297 4577 fuisse

723 4610 770 4676 nl
