<?xml version="1.0" encoding="UTF-8"?>
<!DOCTYPE html PUBLIC "-//W3C//DTD XHTML 1.0 Transitional//EN"
    "http://www.w3.org/TR/xhtml1/DTD/xhtml1-transitional.dtd">
<html xmlns="http://www.w3.org/1999/xhtml" xml:lang="en" lang="en">
 <head>
  <title>
</title>
<meta http-equiv="Content-Type" content="text/html;charset=utf-8" />
  <meta name='ocr-system' content='tesseract 3.04.00' />
  <meta name='ocr-capabilities' content='ocr_page ocr_carea ocr_par ocr_line ocrx_word'/>
</head>
<body>
  <div class='ocr_page' id='page_1' title='image "./tragoediaesuper02aescgoog_0098.png"; bbox 0 0 2978 5062; ppageno 0'>
   <div class='ocr_carea' id='block_1_1' title="bbox 188 326 927 402">
    <p class='ocr_par' dir='ltr' id='par_1_1' title="bbox 188 326 927 402">
     <span class='ocr_line' id='line_1_1' title="bbox 188 326 927 402; baseline -0.003 0"><span class='ocrx_word' id='word_1_1' title='bbox 188 326 232 402; x_wconf 83' lang='lat'>88</span> <span class='ocrx_word' id='word_1_2' title='bbox 536 334 927 401; x_wconf 76' lang='lat' dir='ltr'>&#39;ANNOTATIONES</span> 
     </span>
    </p>
   </div>
   <div class='ocr_carea' id='block_1_2' title="bbox 187 502 1287 1497">
    <p class='ocr_par' dir='ltr' id='par_1_2' title="bbox 187 502 1287 1304">
     <span class='ocr_line' id='line_1_2' title="bbox 231 502 1285 591; baseline -0.001 -23"><span class='ocrx_word' id='word_1_3' title='bbox 231 507 306 586; x_wconf 86' lang='lat'><strong>677.</strong></span> <span class='ocrx_word' id='word_1_4' title='bbox 331 507 423 585; x_wconf 77' lang='grc' dir='ltr'>ἄκρην</span> <span class='ocrx_word' id='word_1_5' title='bbox 444 506 492 591; x_wconf 89' lang='grc' dir='ltr'>τε]</span> <span class='ocrx_word' id='word_1_6' title='bbox 516 507 609 585; x_wconf 76' lang='grc' dir='ltr'>ἄκραν</span> <span class='ocrx_word' id='word_1_7' title='bbox 631 530 664 569; x_wconf 87' lang='grc' dir='ltr'>τε</span> <span class='ocrx_word' id='word_1_8' title='bbox 680 507 723 567; x_wconf 91' lang='lat' dir='ltr'>A.</span> <span class='ocrx_word' id='word_1_9' title='bbox 745 506 880 585; x_wconf 80' lang='grc' dir='ltr'>ἆκρηντε,</span> <span class='ocrx_word' id='word_1_10' title='bbox 895 502 1052 587; x_wconf 81' lang='lat' dir='ltr'>adscripto</span> <span class='ocrx_word' id='word_1_11' title='bbox 1066 529 1112 582; x_wconf 87' lang='grc' dir='ltr'>γρ.</span> <span class='ocrx_word' id='word_1_12' title='bbox 1129 503 1230 582; x_wconf 76' lang='grc' dir='ltr'>ἄκρον,</span> <span class='ocrx_word' id='word_1_13' title='bbox 1248 505 1285 567; x_wconf 92' lang='lat' dir='ltr'>B.</span> 
     </span>
     <span class='ocr_line' id='line_1_3' title="bbox 188 602 1286 694; baseline -0.005 -20"><span class='ocrx_word' id='word_1_14' title='bbox 188 612 273 691; x_wconf 77' lang='grc' dir='ltr'>ἃκριν</span> <span class='ocrx_word' id='word_1_15' title='bbox 287 634 319 672; x_wconf 87' lang='grc' dir='ltr'>τε</span> <span class='ocrx_word' id='word_1_16' title='bbox 336 611 374 672; x_wconf 83' lang='lat' dir='ltr'>F.</span> <span class='ocrx_word' id='word_1_17' title='bbox 398 611 489 690; x_wconf 77' lang='grc' dir='ltr'>ἄκρον</span> <span class='ocrx_word' id='word_1_18' title='bbox 503 635 536 672; x_wconf 90' lang='grc' dir='ltr'>τε</span> <span class='ocrx_word' id='word_1_19' title='bbox 552 608 642 694; x_wconf 88' lang='lat' dir='ltr'>Lips.</span> <span class='ocrx_word' id='word_1_20' title='bbox 659 604 736 669; x_wconf 85' lang='lat' dir='ltr'>Aid.</span> <span class='ocrx_word' id='word_1_21' title='bbox 754 604 835 670; x_wconf 86' lang='lat' dir='ltr'>Rob.</span> <span class='ocrx_word' id='word_1_22' title='bbox 853 606 952 685; x_wconf 86' lang='grc' dir='ltr'>ίίκρην,</span> <span class='ocrx_word' id='word_1_23' title='bbox 969 602 1163 689; x_wconf 90' lang='lat' dir='ltr'>quodetiam</span> <span class='ocrx_word' id='word_1_24' title='bbox 1179 627 1218 666; x_wconf 83' lang='lat' dir='ltr'>ex</span> <span class='ocrx_word' id='word_1_25' title='bbox 1236 608 1286 668; x_wconf 87' lang='lat' dir='ltr'>M.</span> 
     </span>
     <span class='ocr_line' id='line_1_4' title="bbox 187 705 1286 794; baseline -0.005 -20"><span class='ocrx_word' id='word_1_26' title='bbox 187 724 381 784; x_wconf 82' lang='lat' dir='ltr'>annotatum,</span> <span class='ocrx_word' id='word_1_27' title='bbox 398 734 436 773; x_wconf 90' lang='lat' dir='ltr'>ex</span> <span class='ocrx_word' id='word_1_28' title='bbox 461 710 552 788; x_wconf 75' lang='grc' dir='ltr'>ἆκτην</span> <span class='ocrx_word' id='word_1_29' title='bbox 567 720 750 794; x_wconf 89' lang='lat' dir='ltr'>corruptum</span> <span class='ocrx_word' id='word_1_30' title='bbox 774 730 839 770; x_wconf 87' lang='lat' dir='ltr'>esse</span> <span class='ocrx_word' id='word_1_31' title='bbox 861 706 993 791; x_wconf 82' lang='lat' dir='ltr'>conjecit</span> <span class='ocrx_word' id='word_1_32' title='bbox 1017 705 1226 790; x_wconf 88' lang='lat' dir='ltr'>Spnnhemius</span> <span class='ocrx_word' id='word_1_33' title='bbox 1246 706 1286 769; x_wconf 88' lang='lat' dir='ltr'>ad</span> 
     </span>
     <span class='ocr_line' id='line_1_5' title="bbox 189 805 1286 890; baseline -0.005 -16"><span class='ocrx_word' id='word_1_34' title='bbox 189 810 310 874; x_wconf 80' lang='lat' dir='ltr'>callim.</span> <span class='ocrx_word' id='word_1_35' title='bbox 325 810 358 873; x_wconf 90' lang='lat' dir='ltr'>h.</span> <span class='ocrx_word' id='word_1_36' title='bbox 374 811 405 873; x_wconf 92' lang='lat' dir='ltr'>in</span> <span class='ocrx_word' id='word_1_37' title='bbox 423 809 545 874; x_wconf 87' lang='lat' dir='ltr'>Pallad.</span> <span class='ocrx_word' id='word_1_38' title='bbox 564 833 592 871; x_wconf 90' lang='lat' dir='ltr'>v.</span> <span class='ocrx_word' id='word_1_39' title='bbox 609 811 661 890; x_wconf 91' lang='lat'>46.</span> <span class='ocrx_word' id='word_1_40' title='bbox 679 808 764 871; x_wconf 90' lang='lat' dir='ltr'>unde</span> <span class='ocrx_word' id='word_1_41' title='bbox 780 805 984 869; x_wconf 85' lang='lat' dir='ltr'>Blomfieldus</span> <span class='ocrx_word' id='word_1_42' title='bbox 1004 805 1096 882; x_wconf 80' lang='grc' dir='ltr'>ἀκτήν</span> <span class='ocrx_word' id='word_1_43' title='bbox 1113 829 1147 867; x_wconf 84' lang='grc' dir='ltr'>τε</span> <span class='ocrx_word' id='word_1_44' title='bbox 1162 805 1286 886; x_wconf 88' lang='grc' dir='ltr'>Λέρνης.</span> 
     </span>
     <span class='ocr_line' id='line_1_6' title="bbox 190 906 1287 995; baseline -0.007 -18"><span class='ocrx_word' id='word_1_45' title='bbox 190 914 309 977; x_wconf 87' lang='lat' dir='ltr'>Lenius</span> <span class='ocrx_word' id='word_1_46' title='bbox 326 916 481 979; x_wconf 85' lang='lat' dir='ltr'>Canterus</span> <span class='ocrx_word' id='word_1_47' title='bbox 495 912 610 995; x_wconf 87' lang='grc' dir='ltr'>Λέρνης</span> <span class='ocrx_word' id='word_1_48' title='bbox 631 937 664 975; x_wconf 89' lang='grc' dir='ltr'>τε</span> <span class='ocrx_word' id='word_1_49' title='bbox 686 909 795 992; x_wconf 81' lang='grc' dir='ltr'>κρήνην</span> <span class='ocrx_word' id='word_1_50' title='bbox 814 907 1033 993; x_wconf 87' lang='lat' dir='ltr'>corrigendum</span> <span class='ocrx_word' id='word_1_51' title='bbox 1055 906 1209 985; x_wconf 87' lang='lat' dir='ltr'>censebat,</span> <span class='ocrx_word' id='word_1_52' title='bbox 1225 908 1287 970; x_wconf 85' lang='lat' dir='ltr'>col-</span> 
     </span>
     <span class='ocr_line' id='line_1_7' title="bbox 187 1008 1286 1092; baseline -0.004 -13"><span class='ocrx_word' id='word_1_53' title='bbox 187 1015 249 1079; x_wconf 83' lang='lat' dir='ltr'>lata</span> <span class='ocrx_word' id='word_1_54' title='bbox 270 1015 470 1079; x_wconf 83' lang='lat' dir='ltr'>annotatione</span> <span class='ocrx_word' id='word_1_55' title='bbox 492 1013 676 1089; x_wconf 72' lang='lat' dir='ltr'>scholiasta,</span> <span class='ocrx_word' id='word_1_56' title='bbox 692 1012 765 1092; x_wconf 81' lang='grc' dir='ltr'>πρός</span> <span class='ocrx_word' id='word_1_57' title='bbox 785 1036 818 1073; x_wconf 88' lang='grc' dir='ltr'>τε</span> <span class='ocrx_word' id='word_1_58' title='bbox 838 1010 891 1073; x_wconf 82' lang='grc' dir='ltr'>τὸν</span> <span class='ocrx_word' id='word_1_59' title='bbox 909 1011 982 1091; x_wconf 82' lang='grc' dir='ltr'>ῥοῦν</span> <span class='ocrx_word' id='word_1_60' title='bbox 996 1013 1048 1086; x_wconf 84' lang='grc' dir='ltr'>τῆς</span> <span class='ocrx_word' id='word_1_61' title='bbox 1062 1008 1207 1090; x_wconf 80' lang='grc' dir='ltr'>Κέγχρης,</span> <span class='ocrx_word' id='word_1_62' title='bbox 1222 1010 1286 1086; x_wconf 84' lang='grc' dir='ltr'>ἥτις</span> 
     </span>
     <span class='ocr_line' id='line_1_8' title="bbox 188 1109 1285 1199; baseline -0.008 -18"><span class='ocrx_word' id='word_1_63' title='bbox 188 1117 278 1199; x_wconf 79' lang='grc' dir='ltr'>κρήνη</span> <span class='ocrx_word' id='word_1_64' title='bbox 296 1118 379 1180; x_wconf 77' lang='grc' dir='ltr'>ἐστὶν</span> <span class='ocrx_word' id='word_1_65' title='bbox 396 1115 535 1197; x_wconf 84' lang='grc' dir='ltr'>Ἀργονς,</span> <span class='ocrx_word' id='word_1_66' title='bbox 553 1115 600 1178; x_wconf 81' lang='grc' dir='ltr'>καὶ</span> <span class='ocrx_word' id='word_1_67' title='bbox 619 1113 692 1195; x_wconf 85' lang='grc' dir='ltr'>πρὸς</span> <span class='ocrx_word' id='word_1_68' title='bbox 712 1113 766 1190; x_wconf 75' lang='grc' dir='ltr'>τὴν</span> <span class='ocrx_word' id='word_1_69' title='bbox 780 1112 897 1192; x_wconf 83' lang='grc' dir='ltr'>Λέρνην</span> <span class='ocrx_word' id='word_1_70' title='bbox 918 1111 972 1189; x_wconf 69' lang='grc' dir='ltr'>τὴν</span> <span class='ocrx_word' id='word_1_71' title='bbox 992 1109 1099 1191; x_wconf 72' lang='grc' dir='ltr'>πηγήν.</span> <span class='ocrx_word' id='word_1_72' title='bbox 1147 1112 1198 1173; x_wconf 91' lang='lat' dir='ltr'>De</span> <span class='ocrx_word' id='word_1_73' title='bbox 1220 1134 1285 1195; x_wconf 95' lang='lat' dir='ltr'>quo</span> 
     </span>
     <span class='ocr_line' id='line_1_9' title="bbox 187 1211 1118 1304; baseline -0.012 -20"><span class='ocrx_word' id='word_1_74' title='bbox 187 1220 274 1284; x_wconf 87' lang='lat' dir='ltr'>fonte</span> <span class='ocrx_word' id='word_1_75' title='bbox 290 1242 319 1282; x_wconf 91' lang='lat' dir='ltr'>v.</span> <span class='ocrx_word' id='word_1_76' title='bbox 335 1220 457 1304; x_wconf 90' lang='lat' dir='ltr'>Unger.</span> <span class='ocrx_word' id='word_1_77' title='bbox 474 1216 505 1279; x_wconf 92' lang='lat' dir='ltr'>in</span> <span class='ocrx_word' id='word_1_78' title='bbox 522 1214 683 1280; x_wconf 82' lang='lat' dir='ltr'>Thebanis</span> <span class='ocrx_word' id='word_1_79' title='bbox 700 1212 872 1276; x_wconf 87' lang='lat' dir='ltr'>Paradoxis</span> <span class='ocrx_word' id='word_1_80' title='bbox 886 1211 945 1275; x_wconf 84' lang='lat' dir='ltr'>vol.</span> <span class='ocrx_word' id='word_1_81' title='bbox 960 1232 986 1273; x_wconf 89' lang='lat'>1.</span> <span class='ocrx_word' id='word_1_82' title='bbox 1003 1234 1034 1296; x_wconf 89' lang='lat' dir='ltr'>p.</span> <span class='ocrx_word' id='word_1_83' title='bbox 1048 1231 1118 1294; x_wconf 89' lang='lat'>191.</span> 
     </span>
    </p>

    <p class='ocr_par' dir='ltr' id='par_1_3' title="bbox 188 1312 1283 1497">
     <span class='ocr_line' id='line_1_10' title="bbox 231 1312 1283 1404; baseline -0.006 -20"><span class='ocrx_word' id='word_1_84' title='bbox 231 1323 304 1404; x_wconf 88' lang='lat'><strong><em>678.</em></strong></span> <span class='ocrx_word' id='word_1_85' title='bbox 327 1322 452 1401; x_wconf 78' lang='grc' dir='ltr'>ἄκρατος</span> <span class='ocrx_word' id='word_1_86' title='bbox 474 1319 567 1400; x_wconf 69' lang='grc' dir='ltr'>ὀργῆν</span> <span class='ocrx_word' id='word_1_87' title='bbox 587 1316 703 1380; x_wconf 90' lang='lat' dir='ltr'>dicitur</span> <span class='ocrx_word' id='word_1_88' title='bbox 717 1319 837 1401; x_wconf 85' lang='lat' dir='ltr'>Argus,</span> <span class='ocrx_word' id='word_1_89' title='bbox 852 1313 927 1399; x_wconf 91' lang='lat' dir='ltr'>quia</span> <span class='ocrx_word' id='word_1_90' title='bbox 949 1312 1039 1376; x_wconf 89' lang='lat' dir='ltr'>nimis</span> <span class='ocrx_word' id='word_1_91' title='bbox 1059 1335 1199 1377; x_wconf 89' lang='lat' dir='ltr'>morosus</span> <span class='ocrx_word' id='word_1_92' title='bbox 1218 1330 1283 1378; x_wconf 85' lang='lat' dir='ltr'>emt</span> 
     </span>
     <span class='ocr_line' id='line_1_11' title="bbox 188 1416 840 1497; baseline -0.008 -13"><span class='ocrx_word' id='word_1_93' title='bbox 188 1420 376 1486; x_wconf 63' lang='lat' dir='ltr'>obseruator.</span> <span class='ocrx_word' id='word_1_94' title='bbox 422 1419 561 1497; x_wconf 87' lang='lat' dir='ltr'>Etenim,</span> <span class='ocrx_word' id='word_1_95' title='bbox 579 1433 613 1482; x_wconf 92' lang='lat' dir='ltr'>ut</span> <span class='ocrx_word' id='word_1_96' title='bbox 628 1418 672 1481; x_wconf 91' lang='lat' dir='ltr'>ait</span> <span class='ocrx_word' id='word_1_97' title='bbox 687 1416 840 1480; x_wconf 90' lang='lat' dir='ltr'>Ovidius:</span> 
     </span>
    </p>
   </div>
   <div class='ocr_carea' id='block_1_3' title="bbox 319 1567 1112 1755">
    <p class='ocr_par' dir='ltr' id='par_1_4' title="bbox 319 1567 1112 1755">
     <span class='ocr_line' id='line_1_12' title="bbox 321 1567 1112 1653; baseline 0 -22"><span class='ocrx_word' id='word_1_98' title='bbox 321 1570 513 1632; x_wconf 69' lang='lat' dir='ltr'>Constiterat</span> <span class='ocrx_word' id='word_1_99' title='bbox 527 1588 708 1653; x_wconf 77' lang='lat' dir='ltr'>quocunque</span> <span class='ocrx_word' id='word_1_100' title='bbox 723 1567 820 1644; x_wconf 83' lang='lat' dir='ltr'>modo,</span> <span class='ocrx_word' id='word_1_101' title='bbox 835 1567 1049 1653; x_wconf 65' lang='lat' dir='ltr'>spectabatur!</span> <span class='ocrx_word' id='word_1_102' title='bbox 1063 1570 1112 1642; x_wconf 84' lang='grc' dir='ltr'>Ιο,</span> 
     </span>
     <span class='ocr_line' id='line_1_13' title="bbox 319 1670 1051 1755; baseline 0.001 -23"><span class='ocrx_word' id='word_1_103' title='bbox 319 1671 400 1733; x_wconf 81' lang='lat' dir='ltr'>Ante</span> <span class='ocrx_word' id='word_1_104' title='bbox 414 1670 517 1732; x_wconf 76' lang='lat' dir='ltr'>oculos</span> <span class='ocrx_word' id='word_1_105' title='bbox 535 1671 581 1747; x_wconf 90' lang='lat' dir='ltr'>Io,</span> <span class='ocrx_word' id='word_1_106' title='bbox 596 1671 741 1755; x_wconf 74' lang='lat' dir='ltr'>quamvis</span> <span class='ocrx_word' id='word_1_107' title='bbox 754 1689 898 1744; x_wconf 75' lang='lat' dir='ltr'>aver-tac,</span> <span class='ocrx_word' id='word_1_108' title='bbox 913 1670 1051 1733; x_wconf 76' lang='lat' dir='ltr'>habebat.</span> 
     </span>
    </p>
   </div>
   <div class='ocr_carea' id='block_1_4' title="bbox 188 1817 1287 4544">
    <p class='ocr_par' dir='ltr' id='par_1_5' title="bbox 190 1817 1285 2008">
     <span class='ocr_line' id='line_1_14' title="bbox 191 1817 1285 1905; baseline -0.003 -21"><span class='ocrx_word' id='word_1_109' title='bbox 191 1819 397 1884; x_wconf 84' lang='lat' dir='ltr'>Luculentius</span> <span class='ocrx_word' id='word_1_110' title='bbox 419 1842 492 1883; x_wconf 87' lang='lat' dir='ltr'>vero</span> <span class='ocrx_word' id='word_1_111' title='bbox 513 1818 709 1905; x_wconf 83' lang='lat' dir='ltr'>asperitatem</span> <span class='ocrx_word' id='word_1_112' title='bbox 727 1818 808 1904; x_wconf 89' lang='lat' dir='ltr'>Argi</span> <span class='ocrx_word' id='word_1_113' title='bbox 831 1817 975 1881; x_wconf 83' lang='lat' dir='ltr'>describit</span> <span class='ocrx_word' id='word_1_114' title='bbox 992 1818 1132 1883; x_wconf 86' lang='lat' dir='ltr'>Valerius</span> <span class='ocrx_word' id='word_1_115' title='bbox 1153 1818 1285 1884; x_wconf 81' lang='lat' dir='ltr'>Flaccus</span> 
     </span>
     <span class='ocr_line' id='line_1_15' title="bbox 190 1923 669 2008; baseline 0.002 -24"><span class='ocrx_word' id='word_1_116' title='bbox 190 1923 311 2008; x_wconf 85' lang='lat' dir='ltr'>Argon.</span> <span class='ocrx_word' id='word_1_117' title='bbox 328 1943 361 2002; x_wconf 86' lang='lat'>4,</span> <span class='ocrx_word' id='word_1_118' title='bbox 376 1942 450 2006; x_wconf 82' lang='lat'>351.</span> <span class='ocrx_word' id='word_1_119' title='bbox 468 1944 552 2008; x_wconf 79' lang='lat' dir='ltr'>seqq.</span> <span class='ocrx_word' id='word_1_120' title='bbox 570 1924 669 1986; x_wconf 86' lang='lat' dir='ltr'><strong>SCH.</strong></span> 
     </span>
    </p>

    <p class='ocr_par' dir='ltr' id='par_1_6' title="bbox 232 2012 968 2109">
     <span class='ocr_line' id='line_1_16' title="bbox 232 2012 968 2109; baseline 0 -22"><span class='ocrx_word' id='word_1_121' title='bbox 232 2027 305 2106; x_wconf 87' lang='lat'><strong>679.</strong></span> <span class='ocrx_word' id='word_1_122' title='bbox 324 2012 397 2087; x_wconf 77' lang='grc' dir='ltr'>κατὰ</span> <span class='ocrx_word' id='word_1_123' title='bbox 412 2023 547 2108; x_wconf 83' lang='grc' dir='ltr'>στίβους]</span> <span class='ocrx_word' id='word_1_124' title='bbox 564 2026 760 2103; x_wconf 85' lang='grc' dir='ltr'>καταστίβονς</span> <span class='ocrx_word' id='word_1_125' title='bbox 776 2025 826 2087; x_wconf 93' lang='grc' dir='ltr'>Μ.</span> <span class='ocrx_word' id='word_1_126' title='bbox 843 2023 968 2109; x_wconf 82' lang='lat' dir='ltr'>aliique.</span> 
     </span>
    </p>

    <p class='ocr_par' dir='ltr' id='par_1_7' title="bbox 188 2124 1285 2315">
     <span class='ocr_line' id='line_1_17' title="bbox 232 2124 1285 2212; baseline 0.001 -22"><span class='ocrx_word' id='word_1_127' title='bbox 232 2129 307 2190; x_wconf 86' lang='lat'><strong>680.</strong></span> <span class='ocrx_word' id='word_1_128' title='bbox 331 2126 478 2211; x_wconf 79' lang='grc' dir='ltr'>ἀφνίδιος]</span> <span class='ocrx_word' id='word_1_129' title='bbox 495 2126 677 2212; x_wconf 85' lang='lat' dir='ltr'>Legebatur</span> <span class='ocrx_word' id='word_1_130' title='bbox 697 2128 855 2207; x_wconf 83' lang='grc' dir='ltr'>αἰφνίδιος.</span> <span class='ocrx_word' id='word_1_131' title='bbox 904 2124 1093 2190; x_wconf 87' lang='lat' dir='ltr'>Emendavit</span> <span class='ocrx_word' id='word_1_132' title='bbox 1116 2127 1285 2191; x_wconf 86' lang='lat' dir='ltr'>Elmsleins</span> 
     </span>
     <span class='ocr_line' id='line_1_18' title="bbox 188 2227 1050 2315; baseline -0.003 -24"><span class='ocrx_word' id='word_1_133' title='bbox 188 2228 300 2292; x_wconf 85' lang='lat' dir='ltr'>collata</span> <span class='ocrx_word' id='word_1_134' title='bbox 313 2227 415 2315; x_wconf 86' lang='lat' dir='ltr'>glossa</span> <span class='ocrx_word' id='word_1_135' title='bbox 430 2228 592 2314; x_wconf 89' lang='lat' dir='ltr'>Hesychii‚</span> <span class='ocrx_word' id='word_1_136' title='bbox 609 2230 748 2308; x_wconf 76' lang='grc' dir='ltr'>ιἰφνιδίαε</span> <span class='ocrx_word' id='word_1_137' title='bbox 774 2230 937 2309; x_wconf 79' lang='grc' dir='ltr'>αἰφνιδίως,</span> <span class='ocrx_word' id='word_1_138' title='bbox 954 2229 1050 2308; x_wconf 79' lang='grc' dir='ltr'>ἄφνω.</span> 
     </span>
    </p>

    <p class='ocr_par' dir='ltr' id='par_1_8' title="bbox 188 2328 1285 2819">
     <span class='ocr_line' id='line_1_19' title="bbox 233 2328 1283 2415; baseline -0.004 -21"><span class='ocrx_word' id='word_1_139' title='bbox 233 2332 305 2394; x_wconf 87' lang='lat'>681.</span> <span class='ocrx_word' id='word_1_140' title='bbox 343 2329 540 2415; x_wconf 81' lang='grc' dir='ltr'>οἰστρόπληξ]</span> <span class='ocrx_word' id='word_1_141' title='bbox 576 2330 780 2395; x_wconf 87' lang='lat' dir='ltr'>Scribendum</span> <span class='ocrx_word' id='word_1_142' title='bbox 815 2328 1005 2409; x_wconf 79' lang='grc' dir='ltr'>οἰστροπλήξ.</span> <span class='ocrx_word' id='word_1_143' title='bbox 1051 2337 1072 2367; x_wconf 91' lang='lat'>“</span> <span class='ocrx_word' id='word_1_144' title='bbox 1090 2329 1283 2413; x_wconf 85' lang='lat' dir='ltr'>Hujusmodi</span> 
     </span>
     <span class='ocr_line' id='line_1_20' title="bbox 188 2432 1284 2519; baseline -0.002 -23"><span class='ocrx_word' id='word_1_145' title='bbox 188 2432 360 2518; x_wconf 83' lang='lat' dir='ltr'>composita</span> <span class='ocrx_word' id='word_1_146' title='bbox 379 2455 399 2494; x_wconf 90' lang='lat' dir='ltr'>a</span> <span class='ocrx_word' id='word_1_147' title='bbox 416 2432 544 2510; x_wconf 80' lang='grc' dir='ltr'>πλήσσω</span> <span class='ocrx_word' id='word_1_148' title='bbox 566 2449 704 2519; x_wconf 87' lang='lat' dir='ltr'>oxytona</span> <span class='ocrx_word' id='word_1_149' title='bbox 726 2449 810 2511; x_wconf 88' lang='lat' dir='ltr'>sunt,</span> <span class='ocrx_word' id='word_1_150' title='bbox 833 2447 964 2518; x_wconf 89' lang='lat' dir='ltr'>excepto</span> <span class='ocrx_word' id='word_1_151' title='bbox 984 2435 1110 2511; x_wconf 77' lang='grc' dir='ltr'>ὕσπληξ.</span> <span class='ocrx_word' id='word_1_152' title='bbox 1136 2433 1284 2495; x_wconf 89' lang='lat' dir='ltr'>Eustath.</span> 
     </span>
     <span class='ocr_line' id='line_1_21' title="bbox 189 2533 1285 2619; baseline -0.001 -21"><span class='ocrx_word' id='word_1_153' title='bbox 189 2535 229 2598; x_wconf 80' lang='lat' dir='ltr'>ud</span> <span class='ocrx_word' id='word_1_154' title='bbox 247 2536 285 2597; x_wconf 83' lang='lat'>11.</span> <span class='ocrx_word' id='word_1_155' title='bbox 302 2540 336 2597; x_wconf 90' lang='lat' dir='ltr'>Z.</span> <span class='ocrx_word' id='word_1_156' title='bbox 352 2556 382 2619; x_wconf 88' lang='lat' dir='ltr'>p.</span> <span class='ocrx_word' id='word_1_157' title='bbox 398 2535 471 2615; x_wconf 78' lang='lat'>629,</span> <span class='ocrx_word' id='word_1_158' title='bbox 488 2549 540 2615; x_wconf 85' lang='lat'>51.</span> <span class='ocrx_word' id='word_1_159' title='bbox 566 2534 618 2598; x_wconf 87' lang='lat' dir='ltr'>Cf.</span> <span class='ocrx_word' id='word_1_160' title='bbox 635 2536 816 2599; x_wconf 85' lang='lat' dir='ltr'>Hemsterh.</span> <span class='ocrx_word' id='word_1_161' title='bbox 831 2535 870 2599; x_wconf 90' lang='lat' dir='ltr'>ad</span> <span class='ocrx_word' id='word_1_162' title='bbox 892 2535 1009 2597; x_wconf 89' lang='lat' dir='ltr'>Thom.</span> <span class='ocrx_word' id='word_1_163' title='bbox 1027 2536 1076 2597; x_wconf 92' lang='lat' dir='ltr'>M.</span> <span class='ocrx_word' id='word_1_164' title='bbox 1092 2557 1121 2594; x_wconf 90' lang='lat' dir='ltr'>v.</span> <span class='ocrx_word' id='word_1_165' title='bbox 1142 2533 1285 2597; x_wconf 87' lang='grc' dir='ltr'>Ἀκανθο-</span> 
     </span>
     <span class='ocr_line' id='line_1_22' title="bbox 188 2634 1284 2722; baseline -0.002 -22"><span class='ocrx_word' id='word_1_166' title='bbox 188 2637 276 2716; x_wconf 73' lang='grc' dir='ltr'>σλήξ.</span> <span class='ocrx_word' id='word_1_167' title='bbox 295 2638 381 2699; x_wconf 87' lang='lat' dir='ltr'>Bast.</span> <span class='ocrx_word' id='word_1_168' title='bbox 398 2634 502 2720; x_wconf 86' lang='lat' dir='ltr'>Epist.</span> <span class='ocrx_word' id='word_1_169' title='bbox 518 2636 595 2698; x_wconf 89' lang='lat' dir='ltr'>Crit.</span> <span class='ocrx_word' id='word_1_170' title='bbox 613 2659 644 2721; x_wconf 88' lang='lat' dir='ltr'>p.</span> <span class='ocrx_word' id='word_1_171' title='bbox 662 2657 733 2721; x_wconf 81' lang='lat'>213.</span> <span class='ocrx_word' id='word_1_172' title='bbox 752 2636 896 2722; x_wconf 86' lang='lat' dir='ltr'>Sophocl.</span> <span class='ocrx_word' id='word_1_173' title='bbox 914 2637 1031 2699; x_wconf 83' lang='lat' dir='ltr'>Electr.</span> <span class='ocrx_word' id='word_1_174' title='bbox 1046 2656 1076 2719; x_wconf 83' lang='lat'>5.</span> <span class='ocrx_word' id='word_1_175' title='bbox 1095 2640 1155 2715; x_wconf 80' lang='grc' dir='ltr'>Τῆς</span> <span class='ocrx_word' id='word_1_176' title='bbox 1170 2638 1284 2715; x_wconf 76' lang='grc' dir='ltr'>οἰστρο-</span> 
     </span>
     <span class='ocr_line' id='line_1_23' title="bbox 188 2735 862 2819; baseline 0 -18"><span class='ocrx_word' id='word_1_177' title='bbox 188 2742 303 2818; x_wconf 83' lang='grc' dir='ltr'>πλῆγος</span> <span class='ocrx_word' id='word_1_178' title='bbox 317 2738 414 2801; x_wconf 78' lang='grc' dir='ltr'>ἄλσος</span> <span class='ocrx_word' id='word_1_179' title='bbox 426 2735 545 2819; x_wconf 81' lang='grc' dir='ltr'>Ἰνάχου</span> <span class='ocrx_word' id='word_1_180' title='bbox 560 2735 672 2818; x_wconf 80' lang='grc' dir='ltr'>κόρης.”</span> <span class='ocrx_word' id='word_1_181' title='bbox 687 2739 862 2802; x_wconf 85' lang='lat' dir='ltr'><strong>BLOMF.</strong></span> 
     </span>
    </p>

    <p class='ocr_par' dir='ltr' id='par_1_9' title="bbox 188 2836 1287 4247">
     <span class='ocr_line' id='line_1_24' title="bbox 233 2836 1283 2925; baseline 0 -23"><span class='ocrx_word' id='word_1_182' title='bbox 233 2839 305 2902; x_wconf 82' lang='lat'><strong>682.</strong></span> <span class='ocrx_word' id='word_1_183' title='bbox 329 2841 385 2918; x_wconf 82' lang='grc' dir='ltr'>γῆν</span> <span class='ocrx_word' id='word_1_184' title='bbox 406 2836 463 2917; x_wconf 87' lang='grc' dir='ltr'>σρδ</span> <span class='ocrx_word' id='word_1_185' title='bbox 485 2836 549 2921; x_wconf 78' lang='grc' dir='ltr'>γῆς]</span> <span class='ocrx_word' id='word_1_186' title='bbox 574 2839 625 2901; x_wconf 88' lang='lat' dir='ltr'>Dc</span> <span class='ocrx_word' id='word_1_187' title='bbox 647 2843 791 2903; x_wconf 80' lang='lat' dir='ltr'>terrain</span> <span class='ocrx_word' id='word_1_188' title='bbox 814 2850 942 2904; x_wconf 81' lang='lat' dir='ltr'>terram.</span> <span class='ocrx_word' id='word_1_189' title='bbox 961 2839 1126 2925; x_wconf 86' lang='lat' dir='ltr'>Aristoph.</span> <span class='ocrx_word' id='word_1_190' title='bbox 1143 2838 1283 2902; x_wconf 89' lang='lat' dir='ltr'>Acharn.</span> 
     </span>
     <span class='ocr_line' id='line_1_25' title="bbox 191 2939 1282 3025; baseline -0.001 -21"><span class='ocrx_word' id='word_1_191' title='bbox 191 2956 265 3025; x_wconf 82' lang='lat'><strong>235.</strong></span> <span class='ocrx_word' id='word_1_192' title='bbox 283 2939 362 3002; x_wconf 80' lang='grc' dir='ltr'>’Καὶ</span> <span class='ocrx_word' id='word_1_193' title='bbox 385 2940 499 3002; x_wconf 78' lang='grc' dir='ltr'>διώκειν</span> <span class='ocrx_word' id='word_1_194' title='bbox 524 2943 581 3020; x_wconf 76' lang='grc' dir='ltr'>γῆν</span> <span class='ocrx_word' id='word_1_195' title='bbox 605 2941 662 3020; x_wconf 86' lang='grc' dir='ltr'>πρὸ</span> <span class='ocrx_word' id='word_1_196' title='bbox 689 2946 743 3023; x_wconf 82' lang='grc' dir='ltr'>γῆς</span> <span class='ocrx_word' id='word_1_197' title='bbox 768 2942 822 3008; x_wconf 85' lang='grc' dir='ltr'>έως</span> <span class='ocrx_word' id='word_1_198' title='bbox 849 2943 887 3006; x_wconf 82' lang='grc' dir='ltr'>ἃν</span> <span class='ocrx_word' id='word_1_199' title='bbox 910 2944 1013 3022; x_wconf 75' lang='grc' dir='ltr'>εὑρεθῇ</span> <span class='ocrx_word' id='word_1_200' title='bbox 1036 2965 1117 3004; x_wconf 86' lang='grc' dir='ltr'>ποτε.</span> <span class='ocrx_word' id='word_1_201' title='bbox 1153 2940 1282 3004; x_wconf 87' lang='lat' dir='ltr'>Lucian.</span> 
     </span>
     <span class='ocr_line' id='line_1_26' title="bbox 190 3039 1281 3125; baseline 0.003 -22"><span class='ocrx_word' id='word_1_202' title='bbox 190 3039 375 3104; x_wconf 85' lang='lat' dir='ltr'>Alexandro</span> <span class='ocrx_word' id='word_1_203' title='bbox 391 3057 419 3103; x_wconf 84' lang='lat'>2.</span> <span class='ocrx_word' id='word_1_204' title='bbox 435 3063 466 3125; x_wconf 89' lang='lat' dir='ltr'>p.</span> <span class='ocrx_word' id='word_1_205' title='bbox 485 3059 555 3123; x_wconf 81' lang='lat'><strong>252.</strong></span> <span class='ocrx_word' id='word_1_206' title='bbox 575 3040 660 3105; x_wconf 84' lang='grc' dir='ltr'>Ἔδει</span> <span class='ocrx_word' id='word_1_207' title='bbox 682 3047 739 3124; x_wconf 82' lang='grc' dir='ltr'>γῆν</span> <span class='ocrx_word' id='word_1_208' title='bbox 757 3043 815 3124; x_wconf 82' lang='grc' dir='ltr'>πρὸ</span> <span class='ocrx_word' id='word_1_209' title='bbox 836 3047 890 3125; x_wconf 80' lang='grc' dir='ltr'>γῆς</span> <span class='ocrx_word' id='word_1_210' title='bbox 913 3045 1093 3107; x_wconf 76' lang='grc' dir='ltr'>ἐλαύνεσθαι</span> <span class='ocrx_word' id='word_1_211' title='bbox 1115 3044 1153 3108; x_wconf 82' lang='grc' dir='ltr'>ὡς</span> <span class='ocrx_word' id='word_1_212' title='bbox 1174 3045 1281 3121; x_wconf 80' lang='grc' dir='ltr'>ἀσεβῆ.</span> 
     </span>
     <span class='ocr_line' id='line_1_27' title="bbox 189 3141 1283 3231; baseline 0.002 -26"><span class='ocrx_word' id='word_1_213' title='bbox 189 3141 276 3229; x_wconf 91' lang='lat' dir='ltr'>quod</span> <span class='ocrx_word' id='word_1_214' title='bbox 291 3141 481 3228; x_wconf 84' lang='lat' dir='ltr'>comparavit</span> <span class='ocrx_word' id='word_1_215' title='bbox 496 3141 630 3206; x_wconf 82' lang='lat' dir='ltr'>Dorvill.</span> <span class='ocrx_word' id='word_1_216' title='bbox 644 3143 684 3206; x_wconf 90' lang='lat' dir='ltr'>ad</span> <span class='ocrx_word' id='word_1_217' title='bbox 700 3144 860 3208; x_wconf 83' lang='lat' dir='ltr'>Chariton.</span> <span class='ocrx_word' id='word_1_218' title='bbox 877 3167 909 3231; x_wconf 91' lang='lat' dir='ltr'>p.</span> <span class='ocrx_word' id='word_1_219' title='bbox 925 3162 993 3226; x_wconf 87' lang='lat'>147.</span> <span class='ocrx_word' id='word_1_220' title='bbox 1011 3144 1110 3208; x_wconf 87' lang='lat' dir='ltr'>Cicer.</span> <span class='ocrx_word' id='word_1_221' title='bbox 1125 3144 1166 3209; x_wconf 87' lang='lat' dir='ltr'>ad</span> <span class='ocrx_word' id='word_1_222' title='bbox 1182 3145 1283 3209; x_wconf 87' lang='lat' dir='ltr'>Attic.</span> 
     </span>
     <span class='ocr_line' id='line_1_28' title="bbox 192 3243 1282 3334; baseline 0 -25"><span class='ocrx_word' id='word_1_223' title='bbox 192 3266 243 3326; x_wconf 89' lang='lat'>14,</span> <span class='ocrx_word' id='word_1_224' title='bbox 259 3266 308 3309; x_wconf 92' lang='lat'>10.</span> <span class='ocrx_word' id='word_1_225' title='bbox 330 3246 443 3330; x_wconf 81' lang='lat' dir='ltr'>Itaque</span> <span class='ocrx_word' id='word_1_226' title='bbox 457 3248 514 3325; x_wconf 75' lang='grc' dir='ltr'>γῆν</span> <span class='ocrx_word' id='word_1_227' title='bbox 535 3243 592 3325; x_wconf 82' lang='grc' dir='ltr'>πρὸ</span> <span class='ocrx_word' id='word_1_228' title='bbox 607 3249 661 3326; x_wconf 74' lang='grc' dir='ltr'>γῆς</span> <span class='ocrx_word' id='word_1_229' title='bbox 674 3247 787 3332; x_wconf 64' lang='lat' dir='ltr'>cogita.</span> <span class='ocrx_word' id='word_1_230' title='bbox 834 3248 959 3310; x_wconf 91' lang='lat' dir='ltr'>Auctor</span> <span class='ocrx_word' id='word_1_231' title='bbox 980 3247 1082 3311; x_wconf 86' lang='lat' dir='ltr'>nescio</span> <span class='ocrx_word' id='word_1_232' title='bbox 1103 3247 1175 3334; x_wconf 90' lang='lat' dir='ltr'>quis</span> <span class='ocrx_word' id='word_1_233' title='bbox 1196 3247 1282 3334; x_wconf 91' lang='lat' dir='ltr'>apud</span> 
     </span>
     <span class='ocr_line' id='line_1_29' title="bbox 191 3343 1285 3431; baseline 0.001 -19"><span class='ocrx_word' id='word_1_234' title='bbox 191 3346 279 3412; x_wconf 89' lang='lat' dir='ltr'>Suid.</span> <span class='ocrx_word' id='word_1_235' title='bbox 295 3369 324 3408; x_wconf 89' lang='lat' dir='ltr'>v.</span> <span class='ocrx_word' id='word_1_236' title='bbox 342 3347 524 3422; x_wconf 71' lang='grc' dir='ltr'>Διαξαίνειν.</span> <span class='ocrx_word' id='word_1_237' title='bbox 546 3343 634 3409; x_wconf 87' lang='grc' dir='ltr'>Ἀλλ’</span> <span class='ocrx_word' id='word_1_238' title='bbox 650 3350 753 3412; x_wconf 86' lang='grc' dir='ltr'>είασεν</span> <span class='ocrx_word' id='word_1_239' title='bbox 771 3348 862 3411; x_wconf 80' lang='grc' dir='ltr'>αὐτὸν</span> <span class='ocrx_word' id='word_1_240' title='bbox 881 3354 939 3431; x_wconf 80' lang='grc' dir='ltr'>γῆν</span> <span class='ocrx_word' id='word_1_241' title='bbox 960 3349 1017 3430; x_wconf 88' lang='grc' dir='ltr'>πρὸ</span> <span class='ocrx_word' id='word_1_242' title='bbox 1037 3353 1091 3431; x_wconf 76' lang='grc' dir='ltr'>γῆς</span> <span class='ocrx_word' id='word_1_243' title='bbox 1109 3350 1238 3414; x_wconf 76' lang='grc' dir='ltr'>ἀπιέναι.</span> <span class='ocrx_word' id='word_1_244' title='bbox 1254 3366 1285 3413; x_wconf 83' lang='grc' dir='ltr'>οι</span> 
     </span>
     <span class='ocr_line' id='line_1_30' title="bbox 188 3447 1283 3531; baseline 0.002 -19"><span class='ocrx_word' id='word_1_245' title='bbox 188 3450 220 3512; x_wconf 93' lang='lat' dir='ltr'>in</span> <span class='ocrx_word' id='word_1_246' title='bbox 233 3473 263 3513; x_wconf 88' lang='lat' dir='ltr'>v.</span> <span class='ocrx_word' id='word_1_247' title='bbox 272 3448 349 3512; x_wconf 80' lang='grc' dir='ltr'>Ἰτω.</span> <span class='ocrx_word' id='word_1_248' title='bbox 365 3447 451 3511; x_wconf 89' lang='grc' dir='ltr'>Ἀλλ’</span> <span class='ocrx_word' id='word_1_249' title='bbox 464 3450 525 3526; x_wconf 78' lang='lat' dir='ltr'>ira,</span> <span class='ocrx_word' id='word_1_250' title='bbox 537 3447 676 3530; x_wconf 81' lang='grc' dir='ltr'>χαιρέτω,</span> <span class='ocrx_word' id='word_1_251' title='bbox 688 3453 745 3530; x_wconf 73' lang='grc' dir='ltr'>γῆν</span> <span class='ocrx_word' id='word_1_252' title='bbox 756 3449 812 3529; x_wconf 87' lang='grc' dir='ltr'>πρὸ</span> <span class='ocrx_word' id='word_1_253' title='bbox 824 3455 890 3531; x_wconf 78' lang='grc' dir='ltr'>γῆς,</span> <span class='ocrx_word' id='word_1_254' title='bbox 902 3452 970 3514; x_wconf 81' lang='grc' dir='ltr'>ὅσοι</span> <span class='ocrx_word' id='word_1_255' title='bbox 979 3452 1130 3530; x_wconf 82' lang='grc' dir='ltr'>βούλοιτο.</span> <span class='ocrx_word' id='word_1_256' title='bbox 1150 3451 1240 3514; x_wconf 87' lang='lat' dir='ltr'>Idem</span> <span class='ocrx_word' id='word_1_257' title='bbox 1254 3451 1283 3514; x_wconf 93' lang='lat' dir='ltr'>in</span> 
     </span>
     <span class='ocr_line' id='line_1_31' title="bbox 188 3549 1286 3635; baseline 0.002 -20"><span class='ocrx_word' id='word_1_258' title='bbox 188 3575 218 3615; x_wconf 88' lang='lat' dir='ltr'>v.</span> <span class='ocrx_word' id='word_1_259' title='bbox 233 3552 300 3633; x_wconf 85' lang='grc' dir='ltr'>Πρὸ</span> <span class='ocrx_word' id='word_1_260' title='bbox 319 3555 380 3633; x_wconf 73' lang='grc' dir='ltr'>γῆς.</span> <span class='ocrx_word' id='word_1_261' title='bbox 402 3549 483 3631; x_wconf 70' lang='lat' dir='ltr'>’ayt</span> <span class='ocrx_word' id='word_1_262' title='bbox 498 3553 530 3614; x_wconf 69' lang='grc' dir='ltr'>δὲ</span> <span class='ocrx_word' id='word_1_263' title='bbox 546 3552 647 3632; x_wconf 79' lang='grc' dir='ltr'>φεύγω</span> <span class='ocrx_word' id='word_1_264' title='bbox 666 3555 725 3633; x_wconf 79' lang='grc' dir='ltr'>γῆν</span> <span class='ocrx_word' id='word_1_265' title='bbox 738 3551 795 3632; x_wconf 83' lang='grc' dir='ltr'>πρὸ</span> <span class='ocrx_word' id='word_1_266' title='bbox 816 3557 880 3632; x_wconf 81' lang='grc' dir='ltr'>γῆς,</span> <span class='ocrx_word' id='word_1_267' title='bbox 896 3554 1085 3634; x_wconf 82' lang='grc' dir='ltr'>φοβούμενος</span> <span class='ocrx_word' id='word_1_268' title='bbox 1106 3554 1159 3617; x_wconf 88' lang='grc' dir='ltr'>τὸν</span> <span class='ocrx_word' id='word_1_269' title='bbox 1181 3555 1286 3635; x_wconf 78' lang='grc' dir='ltr'>ἄγριον</span> 
     </span>
     <span class='ocr_line' id='line_1_32' title="bbox 189 3650 1285 3739; baseline 0.001 -22"><span class='ocrx_word' id='word_1_270' title='bbox 189 3656 348 3733; x_wconf 82' lang='grc' dir='ltr'>δεσπότην,</span> <span class='ocrx_word' id='word_1_271' title='bbox 374 3650 397 3738; x_wconf 76' lang='grc' dir='ltr'>φ</span> <span class='ocrx_word' id='word_1_272' title='bbox 425 3658 545 3731; x_wconf 74' lang='grc' dir='ltr'>μᾶλλον</span> <span class='ocrx_word' id='word_1_273' title='bbox 574 3655 671 3717; x_wconf 80' lang='grc' dir='ltr'>ἵππων</span> <span class='ocrx_word' id='word_1_274' title='bbox 698 3651 716 3731; x_wconf 79' lang='grc' dir='ltr'>ἢ</span> <span class='ocrx_word' id='word_1_275' title='bbox 747 3656 910 3735; x_wconf 75' lang='grc' dir='ltr'>ἀνθρώπων</span> <span class='ocrx_word' id='word_1_276' title='bbox 937 3653 1034 3731; x_wconf 88' lang='grc' dir='ltr'>μέλει.</span> <span class='ocrx_word' id='word_1_277' title='bbox 1079 3654 1186 3718; x_wconf 85' lang='grc' dir='ltr'>Ριὶιιια</span> <span class='ocrx_word' id='word_1_278' title='bbox 1214 3677 1285 3739; x_wconf 87' lang='lat' dir='ltr'>pars</span> 
     </span>
     <span class='ocr_line' id='line_1_33' title="bbox 189 3752 1286 3840; baseline 0.002 -22"><span class='ocrx_word' id='word_1_279' title='bbox 189 3755 327 3819; x_wconf 88' lang='lat' dir='ltr'>senarius</span> <span class='ocrx_word' id='word_1_280' title='bbox 341 3768 406 3827; x_wconf 85' lang='lat' dir='ltr'>est;</span> <span class='ocrx_word' id='word_1_281' title='bbox 431 3775 505 3816; x_wconf 90' lang='lat' dir='ltr'>num</span> <span class='ocrx_word' id='word_1_282' title='bbox 528 3752 608 3816; x_wconf 85' lang='lat' dir='ltr'>alius</span> <span class='ocrx_word' id='word_1_283' title='bbox 631 3753 723 3818; x_wconf 86' lang='lat' dir='ltr'>lateat</span> <span class='ocrx_word' id='word_1_284' title='bbox 745 3754 776 3816; x_wconf 92' lang='lat' dir='ltr'>in</span> <span class='ocrx_word' id='word_1_285' title='bbox 797 3755 998 3840; x_wconf 83' lang='lat' dir='ltr'>sequentibus</span> <span class='ocrx_word' id='word_1_286' title='bbox 1015 3755 1136 3819; x_wconf 89' lang='lat' dir='ltr'>dubito.</span> <span class='ocrx_word' id='word_1_287' title='bbox 1182 3757 1286 3820; x_wconf 86' lang='lat' dir='ltr'>Abre-</span> 
     </span>
     <span class='ocr_line' id='line_1_34' title="bbox 189 3854 1287 3942; baseline 0.002 -23"><span class='ocrx_word' id='word_1_288' title='bbox 189 3856 293 3920; x_wconf 86' lang='lat' dir='ltr'>schius</span> <span class='ocrx_word' id='word_1_289' title='bbox 307 3854 414 3941; x_wconf 85' lang='lat' dir='ltr'>adjicit</span> <span class='ocrx_word' id='word_1_290' title='bbox 429 3854 562 3917; x_wconf 87' lang='lat' dir='ltr'>Aristid.</span> <span class='ocrx_word' id='word_1_291' title='bbox 583 3875 611 3921; x_wconf 87' lang='lat'>2.</span> <span class='ocrx_word' id='word_1_292' title='bbox 628 3878 657 3941; x_wconf 92' lang='lat' dir='ltr'>p.</span> <span class='ocrx_word' id='word_1_293' title='bbox 679 3873 752 3940; x_wconf 82' lang='lat'><strong>320.</strong></span> <span class='ocrx_word' id='word_1_294' title='bbox 775 3855 950 3942; x_wconf 85' lang='lat' dir='ltr'>Alciphron</span> <span class='ocrx_word' id='word_1_295' title='bbox 969 3875 998 3923; x_wconf 82' lang='lat'>2.</span> <span class='ocrx_word' id='word_1_296' title='bbox 1015 3878 1044 3924; x_wconf 85' lang='lat'>2.</span> <span class='ocrx_word' id='word_1_297' title='bbox 1091 3857 1287 3922; x_wconf 87' lang='lat' dir='ltr'>Subnuditur</span> 
     </span>
     <span class='ocr_line' id='line_1_35' title="bbox 189 3955 1284 4034; baseline 0.007 -18"><span class='ocrx_word' id='word_1_298' title='bbox 189 3980 264 4020; x_wconf 86' lang='lat' dir='ltr'>vero</span> <span class='ocrx_word' id='word_1_299' title='bbox 278 3961 308 4025; x_wconf 80' lang='grc' dir='ltr'>ές</span> <span class='ocrx_word' id='word_1_300' title='bbox 323 3972 358 4022; x_wconf 88' lang='lat' dir='ltr'>ut</span> <span class='ocrx_word' id='word_1_301' title='bbox 373 3956 404 4020; x_wconf 95' lang='lat' dir='ltr'>in</span> <span class='ocrx_word' id='word_1_302' title='bbox 425 3958 495 4034; x_wconf 82' lang='grc' dir='ltr'>ὄζον</span> <span class='ocrx_word' id='word_1_303' title='bbox 513 3955 562 4021; x_wconf 81' lang='grc' dir='ltr'>ἀπ’</span> <span class='ocrx_word' id='word_1_304' title='bbox 578 3960 644 4032; x_wconf 72' lang='grc' dir='ltr'>ὄζον</span> <span class='ocrx_word' id='word_1_305' title='bbox 665 3957 826 4021; x_wconf 85' lang='lat' dir='ltr'>Theocrit.</span> <span class='ocrx_word' id='word_1_306' title='bbox 842 3958 996 4021; x_wconf 86' lang='lat' dir='ltr'>Adoniaz.</span> <span class='ocrx_word' id='word_1_307' title='bbox 1013 3977 1083 4025; x_wconf 74' lang='grc' dir='ltr'>ιτα.</span> <span class='ocrx_word' id='word_1_308' title='bbox 1109 3959 1284 4024; x_wconf 83' lang='lat' dir='ltr'><strong>BLOMF.</strong></span> 
     </span>
     <span class='ocr_line' id='line_1_36' title="bbox 190 4058 1284 4143; baseline 0.007 -22"><span class='ocrx_word' id='word_1_309' title='bbox 190 4058 369 4123; x_wconf 89' lang='lat' dir='ltr'>Paucorum</span> <span class='ocrx_word' id='word_1_310' title='bbox 390 4058 539 4123; x_wconf 87' lang='lat' dir='ltr'>librorum</span> <span class='ocrx_word' id='word_1_311' title='bbox 556 4058 630 4123; x_wconf 87' lang='lat' dir='ltr'>vitia</span> <span class='ocrx_word' id='word_1_312' title='bbox 650 4073 723 4123; x_wconf 89' lang='lat' dir='ltr'>sunt</span> <span class='ocrx_word' id='word_1_313' title='bbox 744 4063 802 4141; x_wconf 79' lang='grc' dir='ltr'>γῆν</span> <span class='ocrx_word' id='word_1_314' title='bbox 821 4059 895 4140; x_wconf 81' lang='grc' dir='ltr'>πρὸς</span> <span class='ocrx_word' id='word_1_315' title='bbox 906 4064 974 4142; x_wconf 79' lang='grc' dir='ltr'>γῆν,</span> <span class='ocrx_word' id='word_1_316' title='bbox 990 4060 1037 4124; x_wconf 83' lang='lat' dir='ltr'>vet</span> <span class='ocrx_word' id='word_1_317' title='bbox 1055 4066 1112 4142; x_wconf 74' lang='grc' dir='ltr'>γῆν</span> <span class='ocrx_word' id='word_1_318' title='bbox 1125 4061 1200 4142; x_wconf 83' lang='grc' dir='ltr'>πρὸς</span> <span class='ocrx_word' id='word_1_319' title='bbox 1222 4067 1284 4143; x_wconf 82' lang='grc' dir='ltr'>γῆς,</span> 
     </span>
     <span class='ocr_line' id='line_1_37' title="bbox 189 4159 1029 4247; baseline 0.006 -26"><span class='ocrx_word' id='word_1_320' title='bbox 189 4159 275 4244; x_wconf 91' lang='lat' dir='ltr'>quod</span> <span class='ocrx_word' id='word_1_321' title='bbox 289 4176 336 4225; x_wconf 85' lang='lat' dir='ltr'>est</span> <span class='ocrx_word' id='word_1_322' title='bbox 351 4161 381 4223; x_wconf 91' lang='lat' dir='ltr'>in</span> <span class='ocrx_word' id='word_1_323' title='bbox 399 4163 459 4236; x_wconf 75' lang='grc' dir='ltr'>Μ,</span> <span class='ocrx_word' id='word_1_324' title='bbox 475 4159 523 4223; x_wconf 87' lang='lat' dir='ltr'>vel</span> <span class='ocrx_word' id='word_1_325' title='bbox 537 4165 594 4243; x_wconf 79' lang='grc' dir='ltr'>γῆν</span> <span class='ocrx_word' id='word_1_326' title='bbox 610 4163 642 4224; x_wconf 77' lang='grc' dir='ltr'>ἐκ</span> <span class='ocrx_word' id='word_1_327' title='bbox 657 4166 719 4242; x_wconf 83' lang='grc' dir='ltr'>γῆς.</span> <span class='ocrx_word' id='word_1_328' title='bbox 734 4161 820 4247; x_wconf 91' lang='lat' dir='ltr'>quod</span> <span class='ocrx_word' id='word_1_329' title='bbox 837 4162 931 4225; x_wconf 87' lang='lat' dir='ltr'>habet</span> <span class='ocrx_word' id='word_1_330' title='bbox 946 4162 1029 4226; x_wconf 88' lang='lat' dir='ltr'>Rob.</span> 
     </span>
    </p>

    <p class='ocr_par' dir='ltr' id='par_1_10' title="bbox 191 4263 1284 4544">
     <span class='ocr_line' id='line_1_38' title="bbox 233 4263 1283 4350; baseline 0.003 -26"><span class='ocrx_word' id='word_1_331' title='bbox 233 4263 305 4344; x_wconf 86' lang='lat'><strong>683.</strong></span> <span class='ocrx_word' id='word_1_332' title='bbox 329 4265 347 4324; x_wconf 85' lang='grc' dir='ltr'>ὅ</span> <span class='ocrx_word' id='word_1_333' title='bbox 368 4264 411 4349; x_wconf 84' lang='grc' dir='ltr'>τι]</span> <span class='ocrx_word' id='word_1_334' title='bbox 435 4263 477 4326; x_wconf 84' lang='grc' dir='ltr'>έτι</span> <span class='ocrx_word' id='word_1_335' title='bbox 501 4263 584 4325; x_wconf 85' lang='lat' dir='ltr'>Rob.</span> <span class='ocrx_word' id='word_1_336' title='bbox 606 4276 637 4326; x_wconf 86' lang='lat' dir='ltr'>ot</span> <span class='ocrx_word' id='word_1_337' title='bbox 659 4265 758 4326; x_wconf 86' lang='lat' dir='ltr'><strong>MSS.</strong></span> <span class='ocrx_word' id='word_1_338' title='bbox 775 4263 914 4348; x_wconf 86' lang='lat' dir='ltr'>quidam,</span> <span class='ocrx_word' id='word_1_339' title='bbox 931 4264 1010 4328; x_wconf 89' lang='lat' dir='ltr'>iuter</span> <span class='ocrx_word' id='word_1_340' title='bbox 1024 4288 1103 4350; x_wconf 90' lang='lat' dir='ltr'>quos</span> <span class='ocrx_word' id='word_1_341' title='bbox 1121 4267 1167 4328; x_wconf 91' lang='lat' dir='ltr'>M.</span> <span class='ocrx_word' id='word_1_342' title='bbox 1186 4268 1283 4329; x_wconf 89' lang='lat' dir='ltr'>Hom.</span> 
     </span>
     <span class='ocr_line' id='line_1_39' title="bbox 191 4361 1284 4447; baseline 0.005 -21"><span class='ocrx_word' id='word_1_343' title='bbox 191 4361 254 4426; x_wconf 87' lang='lat' dir='ltr'>Od.</span> <span class='ocrx_word' id='word_1_344' title='bbox 271 4368 303 4424; x_wconf 88' lang='grc' dir='ltr'>Γ.</span> <span class='ocrx_word' id='word_1_345' title='bbox 320 4365 370 4443; x_wconf 90' lang='lat'>96.</span> <span class='ocrx_word' id='word_1_346' title='bbox 395 4364 481 4441; x_wconf 87' lang='grc' dir='ltr'>Μηδέ</span> <span class='ocrx_word' id='word_1_347' title='bbox 503 4389 530 4426; x_wconf 86' lang='grc' dir='ltr'>τι</span> <span class='ocrx_word' id='word_1_348' title='bbox 551 4363 580 4440; x_wconf 85' lang='grc' dir='ltr'>μ’</span> <span class='ocrx_word' id='word_1_349' title='bbox 596 4366 750 4441; x_wconf 78' lang='grc' dir='ltr'>αἰδόμενος</span> <span class='ocrx_word' id='word_1_350' title='bbox 763 4367 930 4444; x_wconf 84' lang='grc' dir='ltr'>μειλίσσεο,</span> <span class='ocrx_word' id='word_1_351' title='bbox 946 4365 1010 4445; x_wconf 86' lang='grc' dir='ltr'>μηδ’</span> <span class='ocrx_word' id='word_1_352' title='bbox 1027 4367 1181 4447; x_wconf 76' lang='grc' dir='ltr'>ἐλεαίρων,</span> <span class='ocrx_word' id='word_1_353' title='bbox 1195 4367 1284 4431; x_wconf 79' lang='grc' dir='ltr'>Ἀλλ’</span> 
     </span>
     <span class='ocr_line' id='line_1_40' title="bbox 192 4462 667 4544; baseline -0.006 -17"><span class='ocrx_word' id='word_1_354' title='bbox 192 4465 224 4528; x_wconf 75' lang='grc' dir='ltr'>εὖ</span> <span class='ocrx_word' id='word_1_355' title='bbox 238 4490 289 4544; x_wconf 87' lang='grc' dir='ltr'>μοι</span> <span class='ocrx_word' id='word_1_356' title='bbox 304 4462 476 4541; x_wconf 72' lang='grc' dir='ltr'>κατάλεξον.</span> <span class='ocrx_word' id='word_1_357' title='bbox 494 4466 667 4528; x_wconf 87' lang='lat' dir='ltr'><strong>BLOMF.</strong></span> 
     </span>
    </p>
   </div>
   <div class='ocr_carea' id='block_1_5' title="bbox 0 0 1494 5062">
    <p class='ocr_par' dir='ltr' id='par_1_11' title="bbox 0 0 1494 5062">
     <span class='ocr_line' id='line_1_41' title="bbox 0 0 1494 5062; baseline 0 0"><span class='ocrx_word' id='word_1_358' title='bbox 0 0 1494 5062; x_wconf 95' lang='lat' dir='ltr'> </span> 
     </span>
    </p>
   </div>
  </div>
 </body>
</html>
