2978 5062
190 328 234 392 86
550 326 929 391 ANNOTATIONES

190 495 311 560 natione
324 494 365 558 ab
381 495 500 580 virgine
515 495 678 558 memorari
692 494 863 580 potuerint.
885 495 1025 575 ὀδύρομαι
1044 492 1165 579 antiqui
1186 515 1291 557 errore

189 596 306 661 librarii
332 595 452 659 illatum
481 611 539 672 est,
565 596 614 659 cui
645 597 852 660 τάποκλαῦσαι
881 596 1102 677 κάποδύρασθαι
1130 596 1222 678 τύχας
1249 618 1289 658 ex

191 721 220 762 v.
237 701 312 783 637.
326 698 553 763 obversaretur.

234 803 309 884 645.
324 802 385 884 ἀεὶ]
403 801 461 864 αἰεὶ
476 800 526 863 Μ.
542 815 573 863 et
589 798 737 862 Cantabr.
754 798 881 884 primus.

233 903 430 986 πολεόμεναι]
448 903 524 965 Ηοα
538 913 722 986 corruptum
744 922 783 963 ex
805 902 1005 980 πωλεύμεναι,
1020 899 1107 986 quod
1125 914 1289 964 servarunt

191 1007 230 1071 C.
245 1020 288 1084 et,
303 1005 358 1091 qui
373 999 561 1084 όόλεόμεναι
576 1002 706 1088 praebet,
724 1002 772 1065 M.
809 1002 850 1065 Id
861 1016 966 1066 autem
983 1001 1111 1078 librarii,
1123 1000 1288 1069 ‚Homerici

190 1130 342 1172 memores
366 1107 536 1184 πωλεύμην,
563 1118 735 1189 posuerunt
763 1127 821 1191 pro
838 1103 939 1168 sonna
961 1103 1070 1169 Attiou
1094 1105 1288 1183 πολούμευαι,

190 1232 264 1297 quae
279 1206 433 1294 AEschylo
445 1205 638 1270 restituenda
651 1227 692 1268 ex
707 1205 750 1268 D.

234 1313 308 1392 646.
324 1308 424 1392 iaicis
439 1309 479 1371 E.

234 1414 309 1492 647.
326 1409 475 1493 εύδαιμον]
492 1406 693 1473 Scribebatnr
708 1408 864 1487 εὐδαίμων.
909 1408 1148 1472 eumenum
1165 1409 1215 1473 M.
1231 1408 1288 1495 qui

191 1502 352 1600 simnia
370 1519 509 1598 εόδαῖμαν
523 1539 620 1604 pravo
632 1531 761 1582 accentu
777 1514 863 1580 Rob.
1395 1523 1397 1526 ⁴

234 1624 309 1703 648.
339 1620 527 1703 παρθενεύει]
555 1620 719 1700 παρθενεόῃ
747 1617 831 1695 libri,
863 1618 920 1681 uisi
948 1617 1035 1705 quod
1061 1617 1194 1683 vindob.
1222 1619 1288 1683 duo

190 1721 391 1806 παρθενεύειτ.

233 1828 305 1910 650.
321 1827 511 1906 ξυναύρεσθαι
526 1825 563 1887 Β.
611 1821 714 1908 Vulgo
728 1823 932 1904 συναίρεσθαι

234 1929 308 2011 651.
322 1927 363 2007 μὴ
377 1924 581 2012 ’πολακτίσῃς]
594 1922 801 1989 Restitueuda
816 1923 909 1988 erasis
922 1927 1156 2010 μόπολακτίοῃς.

233 2030 306 2113 652.
320 2027 420 2105 βαθὺν
433 2028 576 2111 λειμῶνα]
592 2026 754 2091 ferriteri.
799 2025 888 2090 Male
911 2026 1078 2093 Sohutzius
1093 2037 1228 2113 pratum
1251 2032 1287 2092 ιἰι

190 2129 272 2194 vnde
285 2127 500 2215 θαρτυτόοτιτ
521 2127 604 2192 etin
621 2125 726 2189 Theb.
741 2144 815 2211 593.
835 2132 965 2206 βαθεῖαν
983 2128 1090 2204 ἄλοκα,
1108 2141 1144 2191 ut
1162 2129 1284 2215 opinor,

188 2253 252 2295 non
266 2246 312 2295 est
326 2229 529 2317 propinandum
542 2230 674 2302 οιιθιτιπτ,
690 2230 744 2292 sed
752 2229 911 2314 fertilem,
925 2227 996 2293 lioet
1016 2227 1106 2293 aliter
1127 2228 1287 2295 intellexe-

188 2332 253 2396 rint
274 2334 399 2398 Auctor
421 2331 519 2396 Rhesi
543 2335 615 2416 796.
643 2331 785 2395 Timaeus
807 2354 840 2417 p.
865 2331 917 2414 58.
943 2343 975 2394 et
1002 2330 1116 2394 Suidas
1139 2331 1172 2394 in
1201 2355 1284 2397 vooe.

191 2436 296 2500 Theb.
311 2455 386 2521 507.
402 2437 457 2498 τδν
475 2431 640 2517 βαθύχθον’
655 2433 734 2499 αἶαν.
757 2432 844 2519 quod
866 2446 949 2496 recte
970 2431 1066 2496 schol.
1083 2435 1128 2496 A.
1151 2433 1285 2521 explicat

189 2559 247 2624 per
268 2538 395 2618 εὔγειον.
421 2534 534 2620 Eurip.
560 2534 672 2598 Phoeu.
691 2536 766 2618 657.
790 2535 864 2616 γύας
886 2535 1104 2615 βαθυσπόρους.
1128 2535 1284 2599 Androm.

190 2642 263 2725 635.
286 2643 415 2718 βαθεῖαν
436 2641 503 2718 γῆν.
524 2635 575 2699 cui
597 2635 766 2722 opponitur
788 2636 822 2698 τὸ
843 2634 1027 2718 λεπτογέιιυ,
1044 2635 1194 2723 Thucyd.
1211 2638 1239 2700 Ι.
1255 2634 1284 2701 2.

190 2739 324 2828 Hippol.
344 2739 435 2823 1138.
460 2743 590 2817 βαθεῖαν
612 2739 670 2802 όνδ
692 2740 801 2820 χλόαν.
828 2738 959 2801 Homer.
993 2736 1032 2800 ΙΙ.
1060 2745 1175 2820 1‚147.
1205 2739 1287 2818 βαθὺ

188 2841 285 2920 λήϊον.
302 2839 458 2904 Herodot.
476 2839 513 2900 V.
530 2856 582 2921 92.
598 2844 649 2902 τοῦ
663 2838 749 2917 ληΐου
765 2839 800 2901 τὸ
816 2838 1027 2903 κόλλισπόνιτε
1042 2841 1090 2903 καὶ
1105 2841 1283 2919 βαθύτατον.

191 2945 221 3008 1.
237 2963 309 3028 151.
326 2942 471 3006 Ἀνθειαν
484 2942 679 3021 βαθύλειμον.
696 2940 844 3005 Eustath.
861 2965 897 3028 p.-
909 2956 985 3024 743,
1002 2960 1053 3023 29.
1074 2942 1119 3004 Τὸ
1138 2943 1172 3006 δὲ
1188 2945 1283 3020 βαθύ-

189 3052 294 3123 λειμον
320 3048 408 3122 δηλοῖ
429 3044 486 3122 μὲν
511 3042 545 3104 τὸ
570 3043 766 3125 πολύχορτον,
792 3043 952 3107 κάντεῦθεν
979 3041 1014 3104 τὸ
1041 3048 1112 3107 πῖον
1141 3046 1193 3121 τῆς
1206 3079 1207 3082 “
1220 3047 1283 3124 γῆς.

190 3144 320 3210 Pindnr.
335 3145 432 3231 Pyth.
448 3165 495 3208 10.
513 3160 564 3208 20.
587 3145 799 3223 βαθυλείμανα
820 3142 943 3225 πέτραν.
959 3145 1051 3207 Nem.
1066 3164 1099 3229 3,
1111 3164 1167 3230 30.
1188 3149 1283 3224 βαθυ-

188 3248 279 3333 πεδίῳ
295 3244 408 3330 Νεμέᾳ.
424 3243 566 3333 Etymol.
582 3245 631 3308 M.
646 3266 678 3330 p.
694 3263 767 3327 191,
781 3244 810 3307 8.
825 3241 1009 3325 Ἐπίχαρμος
1027 3243 1150 3324 βόασον
1163 3247 1284 3328 χορίον,

188 3350 255 3413 όντδ
268 3354 321 3412 τοῦ
335 3348 512 3429 βαθύτερον,
529 3346 654 3427 εύγειον.
691 3343 790 3408 ΡΙυτα
802 3343 955 3430 congessit
970 3345 1054 3409 V.D.
1068 3344 1101 3409 in
1118 3347 1286 3410 Menstrua

189 3452 332 3515 Censura
355 3449 517 3534 (Monrtly
536 3449 630 3529 Rev.)
651 3444 712 3509 νοΙ.
728 3460 783 3531 52.
799 3444 950 3531 Append.
973 3445 1135 3512 Cf.>Miso.
1151 3447 1283 3512 Observ.

188 3554 219 3617 6.
236 3576 268 3639 p.
286 3571 337 3635 79.
356 3552 529 3616 BLOMF.

228 3657 306 3739 654.
322 3655 398 3737 δῖον]
419 3651 625 3716 scribendum
640 3650 729 3715 litera
743 3650 916 3737 majuscula
931 3657 1016 3716 Δῖον.

231 3759 311 3836 ὄμμα
336 3753 464 3839 λωφήοῃ
488 3753 596 3835 πόθου]
621 3760 659 3815 διό
680 3752 774 3816 Jovit
795 3753 904 3817 οαιόυσ
925 3751 1116 3818 deciderim
1137 3756 1283 3842 deponat,

187 3856 218 3920 h.
234 3880 261 3921 e.
278 3870 314 3921 ut
328 3854 356 3920 ei
371 3854 508 3918 satisfiat.
556 3853 648 3916 Oculi
669 3854 753 3916 oraim
774 3863 850 3918 sont
871 3856 906 3918 in
926 3876 1033 3920 amore
1055 3856 1157 3921 όιισστ.
1202 3859 1284 3922 Inde

189 3958 368 4044 Hesychio:
393 3957 536 4036 ripuarias
557 3954 737 4040 [όμμόπειος]
759 3958 862 4035 πόθος,
884 3961 933 4021 διὰ
954 3960 988 4020 τὸ
1012 3960 1045 4022 ἐκ
1064 3963 1118 4023 τοῦ
1130 3961 1204 4041 όρΐιν
1219 3964 1285 4025 ἁλί·

188 4064 315 4123 σκεσθαι
331 4059 425 4140 ἔρωτι·
448 4060 481 4122 ἐκ
494 4062 546 4121 τοῦ
561 4059 619 4138 γὰρ
634 4059 745 4138 ἐσορᾶν
759 4059 874 4139 γίνεται
889 4060 1055 4140 ἀνθρώποις
1070 4062 1151 4142 ἐρᾶν.
1180 4064 1282 4126 Amo·

187 4158 231 4222 ris
244 4158 337 4223 etiam
352 4159 449 4222 sedes.
495 4160 617 4222 Crescit
635 4159 719 4221 enim
737 4160 864 4222 assidue
877 4161 1044 4246 spectando
1057 4183 1136 4224 αντα
1152 4164 1283 4248 praellae.

189 4262 333 4344 Propert.
363 4280 394 4343 3,
426 4279 476 4323 21.
507 4260 674 4324 STANL.
720 4261 922 4346 Comparavit
949 4262 1041 4324 etiam
1072 4262 1284 4328 Giaoomellus

189 4361 334 4448 Sophocl.
358 4362 475 4425 Trach.
496 4377 572 4447 557.
596 4364 709 4449 Eurip.
734 4364 836 4450 Hipp.
851 4380 925 4448 527.
948 4381 980 4428 et
1003 4363 1144 4450 AEsohyl.
1170 4367 1282 4451 Suppl.

191 4483 285 4529 1010.
328 4461 518 4543 Orationem,
541 4485 615 4547 quae
640 4464 691 4527 hic
716 4464 827 4550 speciei
851 4487 907 4552 per
934 4464 1072 4550 quietem
1098 4479 1282 4530 nocturnam
