2978 5062
232 354 297 436 1510
595 347 975 414 ANNOTATIONES

280 533 373 594 1017.
390 515 539 601 κεραυνίᾳ]
555 517 698 601 κεραυνίῳ
714 514 817 579 Viteb.
834 531 918 579 recte
931 516 1086 580 tortasse.
1133 518 1136 522 Α

281 638 375 701 1019.
390 620 516 698 πετραία
530 616 554 682 δ’
570 618 699 702 ἀγκάλη]
714 619 839 702 πετραίη
853 616 878 682 δ’
896 617 1014 699 άγκάλη
1030 615 1108 680 Ald.
1123 615 1210 679 Rob.

282 725 375 783 1021.
396 720 542 800 ἄψορρον,
567 728 751 783 retrorsum.
786 718 932 805 Sophocl.
954 719 1034 783 OEd.
1053 720 1095 782 T.
1110 737 1185 803 431.
1208 729 1241 782 et
1262 716 1337 781 alibi

235 822 379 903 ἄψορρος.
424 820 610 884 Formatnm
636 820 762 884 videtur
785 843 825 883 ex
855 822 903 902 άψ
930 830 1016 884 retro
1045 836 1078 883 et
1106 821 1194 900 ὄρρος
1221 819 1336 882 wuda.

236 922 408 987 Scholiasta
423 937 527 985 tamen
544 923 683 985 Venetus
703 922 744 986 ad
769 924 810 985 Il.
828 929 868 986 H.
881 943 959 1007 413.
977 921 1018 986 ab
1033 924 1092 1003 ὄρω
1106 922 1224 985 suscito
1238 920 1335 984 ducit.

236 1024 408 1089 Erotianus
429 1046 460 1110 p.
480 1039 531 1103 17,
550 1041 600 1105 17.
622 1022 748 1088 videtur
765 1024 887 1088 trahere
906 1047 944 1086 ex
968 1025 1133 1106 άψόρροον,
1153 1023 1188 1085 τὸ
1210 1025 1253 1089 είς
1270 1023 1337 1086 τού-

235 1128 313 1190 πίσω
327 1127 406 1208 ῥέον.
432 1126 609 1189 BLOMF.
648 1125 710 1202 Qui
726 1128 861 1209 άήτορρος
881 1124 1022 1211 conjecit.
1060 1126 1210 1188 Frustra:
1236 1122 1336 1210 Soph.

235 1227 353 1293 Electr.
370 1245 424 1313 53.
439 1228 577 1309 ἄψορρον
590 1227 699 1307 ἥξομεν
713 1228 816 1291 πάλιν.

279 1330 322 1414 ἐς]
339 1334 381 1396 εἰς
394 1329 515 1414 aliquot
529 1328 661 1393 codices.

282 1449 375 1496 1022.
390 1430 498 1514 αἰετὸς]
515 1429 721 1494 Scribendum
737 1431 823 1498 ἀετὸς
836 1453 908 1494 cum
925 1431 1078 1494 Por-sono.

279 1531 415 1617 λάβρως]
432 1531 547 1612 λάβρος
561 1533 646 1595 Α.Β.
661 1531 777 1616 aliique
792 1531 945 1597 nonnulli.

282 1652 376 1711 1024.
403 1633 559 1699 δαιταλεὺς
582 1634 761 1718 πανήμερος]
784 1636 848 1698 Per
872 1644 970 1699 totum
994 1635 1077 1696 diem
1101 1634 1247 1696 monica.
1271 1654 1337 1696 non

234 1737 370 1800 conviva
390 1733 604 1820 quotidianus,
624 1735 783 1819 quomodo
805 1751 966 1800 verterunt
986 1734 1181 1820 interpretes.
1203 1731 1336 1819 quibus-

235 1859 307 1902 cum
323 1837 425 1900 facere
438 1834 562 1899 videtur
576 1834 793 1921 Apollodorus
805 1860 835 1923 p.
850 1858 905 1919 40.
919 1838 970 1902 ed.
987 1839 1094 1924 Heyu.
1125 1837 1225 1901 Recte
1239 1835 1336 1901 schol.

236 1940 276 2004 B.
287 1937 368 2002 Ἵσθι
382 1939 416 2002 δὲ
430 1939 469 2005 ὡς
483 1940 531 2001 διὰ
544 1936 641 2016 πάσης
655 1941 706 2015 τῆς
719 1938 829 2019 ἡμέρας
848 1940 885 2002 τὸ
900 1940 1081 2021 Προμηθέως
1102 1940 1181 2021 ήπαρ
1196 1943 1237 2024 τῷ
1258 1942 1337 2025 dard

234 2040 493 2120 βιβρωσκόμενον,
511 2040 712 2119 ἀνεπληροῦτο
734 2040 829 2104 πάλιν
847 2043 939 2117 νυκτὶ,
955 2042 1003 2105 καὶ
1017 2042 1119 2122 άρτιον
1130 2041 1178 2120 ἦν,
1194 2040 1281 2126 quod
1296 2063 1337 2104 ex

236 2141 420 2227 Pherecyde
441 2139 564 2216 didicit,
586 2139 642 2225 qni
664 2139 695 2203 iu
717 2141 855 2205 secundo
873 2142 954 2205 libro
975 2165 1025 2228 ap.
1048 2141 1145 2205 schol.
1167 2142 1199 2205 in
1224 2140 1335 2227 Apoll.

237 2242 343 2307 Rhod.
361 2260 392 2306 2.
413 2256 506 2327 1252.
520 2242 575 2318 ait,
590 2244 636 2306 ὅτι
650 2245 667 2305 ὁ
681 2242 769 2309 dariis
785 2242 891 2322 ἤσθιεν
905 2246 956 2321 τῆς
969 2243 1078 2323 ἡμέρας
1092 2247 1145 2306 τοῦ
1156 2244 1278 2322 ἥπατος·
1300 2244 1337 2305 τὸ

236 2347 269 2408 δὲ
291 2346 472 2424 λειπόμενον
500 2347 603 2424 ηὔξετο
628 2349 679 2424 τῆς
708 2345 812 2411 νυκτὸς
841 2344 889 2407 καί
919 2343 1040 2425 ἐγένετο
1066 2347 1145 2408 ἴσον.
1172 2358 1270 2408 totum
1296 2342 1338 2408 de

236 2445 342 2532 aquila
358 2446 545 2510 Promethea
559 2445 783 2532 mythologiam
800 2445 976 2510 doctissime
995 2444 1110 2509 ibidem
1127 2460 1232 2510 narrat
1246 2445 1337 2510 scho-

235 2547 334 2612 liasta.
379 2549 425 2611 Et
438 2547 565 2633 quidem
586 2549 702 2611 Noster
722 2547 754 2610 in
778 2547 968 2611 Prometheo
982 2545 1094 2610 Soluto
1108 2546 1184 2610 dicit
1198 2547 1337 2632 aquilam

238 2650 331 2714 tertio
356 2673 484 2734 quoque
508 2648 560 2712 die
582 2647 746 2712 advolare:
769 2648 810 2712 cf.
834 2647 953 2712 Accius
976 2647 1009 2711 in
1034 2648 1226 2712 Prometheo
1249 2649 1338 2734 apud

239 2751 340 2816 Cicer.
363 2752 462 2814 Tusc.
485 2768 513 2826 2,
533 2769 582 2813 10.
604 2751 681 2812 Jnm
703 2751 797 2812 tertio
816 2771 864 2812 πιε
884 2751 1151 2836 quoquefimesto
1171 2751 1223 2812 dic
1243 2752 1337 2813 Jovia

236 2853 358 2914 sauma
366 2861 467 2936 pastu
482 2851 622 2914 dilaniat
620 2851 711 2935 fero.
734 2855 882 2930 πανῆμαρ,
898 2865 930 2914 et
944 2850 1123 2931 πανημέριος
1138 2873 1195 2936 pro
1209 2860 1272 2914 toto
1286 2852 1337 2914 die

236 2950 322 3037 apud
338 2953 515 3015 Homerum
536 2967 716 3036 ponuntn13
740 2966 773 3015 et
786 2952 956 3033 πανάμερος
978 2951 1064 3037 apud
1088 2951 1234 3038 Sophocl.
1253 2953 1337 3015 Tra-

236 3053 319 3118 chin.
335 3056 408 3118 662.
431 3054 518 3140 quod
541 3053 621 3117 male
640 3052 794 3117 intellexit
814 3052 1030 3140 Musgravius.
1063 3052 1230 3140 Aristoph.
1252 3056 1337 3119 Rau.

234 3157 312 3242 387.
326 3155 497 3238 πανήμερον
510 3162 625 3221 παῖσαι.
650 3156 824 3220 BLOMF.

283 3261 375 3325 1026.
390 3256 521 3343 τοιοῦδε]
537 3262 590 3320 τοῦ
605 3262 660 3321 σοῦ
675 3259 709 3321 δὲ
723 3256 845 3342 aliquot
857 3257 951 3322 codd.

278 3360 319 3440 μή
332 3361 376 3448 τι]
391 3360 432 3440 μή
445 3385 492 3425 τοι
507 3361 559 3424 Μ.
573 3374 605 3424 et
620 3374 683 3423 tres
696 3358 758 3423 alii.

283 3465 375 3530 1028.
391 3461 521 3550 θελήσῃ]
538 3462 662 3542 θελήσει
675 3461 797 3547 aliquot
810 3459 901 3524 codd.
916 3476 948 3523 et
963 3457 1041 3521 Ald.
1057 3457 1141 3522 Rob.

279 3567 321 3631 είς
335 3587 398 3630 0111.
416 3566 466 3628 M.
505 3649 510 3660 ῃ
554 3601 571 3659 δ

278 3666 464 3749 άναάγητον]
478 3667 647 3748 άναύγητον
662 3665 712 3728 Μ.

282 3787 373 3852 ¹03¹·
390 3769 407 3830 ὀ
421 3789 483 3829 om.
500 3764 620 3849 aliquot
635 3764 728 3830 codd.
745 3779 777 3827 et
790 3762 868 3827 Ald.
884 3762 969 3826 Rob.

284 3888 373 3954 1033.
389 3866 470 3953 δῖον]
487 3865 692 3930 Scribendum
708 3870 796 3929 Δῖον.

277 3970 375 4057 τελεῖ]
391 3973 492 4032 τελεῖν
505 3965 626 4053 aliquot
639 3965 731 4031 codd.
746 3981 778 4028 et
792 3964 869 4028 Atd.

282 4074 372 4153 1036.
388 4067 507 4152 ἄκαιρα]
522 4070 670 4150 ἀναγκαῖα
685 4065 762 4130 Ald.

283 4188 374 4253 1039.
389 4170 505 4255 πείθου]
521 4170 727 4235 Scribendum
743 4172 830 4232 πιθοῦ
844 4189 883 4229 ex
899 4178 1051 4251 quattuor
1064 4164 1232 4231 codicibus.

283 4288 374 4347 1040.
391 4297 436 4333 τοι
450 4293 512 4333 om.
527 4269 648 4357 aliquot
662 4270 755 4334 codd.
767 4284 799 4332 et
815 4269 897 4330 Rob.

282 4389 373 4453 ¹043·
391 4369 435 4432 ἐπ’
451 4371 528 4454 ἐμοὶ]
545 4374 595 4435 ε’πί
607 4397 656 4449 μοι
672 4372 722 4433 Μ.
746 4367 791 4432 ἐπ’
806 4389 868 4430 otu.
886 4368 952 4431 duo
965 4367 1058 4431 codd.
1074 4382 1106 4431 et
1121 4368 1198 4432 Ald.
