2978 5062
305 367 374 431 ΑΙ)
397 366 590 432 SEPTEM
616 366 867 431 ADVERSUS
891 363 1096 430 THEBAS.
1184 363 1249 432 219

193 553 266 616 94¹·
288 560 338 619 χο.
360 535 527 625 praefixum
548 535 581 599 in
595 534 674 600 Ald.
689 536 794 599 Turn.
815 534 864 615 ἡμ
886 531 918 597 io
934 532 1020 598 Rob.
1062 531 1144 610 Quae
1165 543 1248 595 reete

148 632 264 701 delevit
280 636 476 703 Schuetaius.

192 756 268 823 943.
291 742 310 803 ό
329 742 450 809 πόντιος
471 739 581 824 ξεῖνος]
604 738 787 818 Scholiasta,
801 739 925 802 πόντιον
937 735 993 800 τὸν
1007 736 1131 817 σίδηρον
1150 735 1246 817 λέγει,

148 839 195 903 ὅτι
216 843 246 905 ol
266 841 409 925 Χάλυβες
429 843 572 925 παράλιοί
592 844 680 916 εἰσιν,
704 843 739 906 έν
759 842 803 907 ola
824 843 841 904 ό
866 841 985 920 adapes
1007 838 1131 920 γίνεται.
1162 836 1248 917 ξένος

149 943 294 1023 Χάλυβος
307 951 430 1009 Σκυθῶν
444 947 566 1013 ἀποικος
579 959 709 1010 vocatur
723 967 753 1008 v.
771 943 845 1026 728.

194 1060 268 1131 945.
283 1046 425 1134 δατητὰς]
441 1047 587 1127 διαιτητὴς
601 1043 681 1111 Ald.
700 1046 810 1124 δαιπάς
824 1045 886 1106 Ar.
902 1041 987 1105 Rob.

194 1150 267 1230 946.
282 1147 422 1234 πατρῴαν
437 1148 606 1214 Burneius.
648 1146 832 1234 Legebatur
845 1147 967 1226 πατρός.

192 1250 302 1334 ἀληθῆ]
321 1249 527 1315 Scribendum
542 1252 640 1330 ἀλαθῆ
654 1272 694 1314 ex
709 1248 844 1313 Vindob.
859 1247 994 1312 duobus.
1016 1236 1114 1327 ἀλάθῆ
1129 1247 1180 1311 Μ.

193 1367 376 1438 947—950.
397 1352 571 1441 Antigona
592 1352 739 1418 tribuunt
755 1350 835 1416 Ald.
859 1353 963 1416 Turn.
1008 1352 1193 1415 Correctum
1214 1346 1248 1412 in

196 1570 270 1640 947.
283 1556 389 1637 μέλεοι
401 1556 610 1646 disyllabum:
635 1580 666 1622 v.
679 1555 721 1622 ad
736 1580 767 1622 v.
782 1556 857 1640 877.
872 1553 896 1619 ἀ
909 1579 972 1621 om.
988 1556 1042 1622 Μ.

196 1659 269 1742 948.
292 1662 456 1724 διοσδότωυ
474 1660 586 1745 ἀχέων]
608 1662 682 1725 Non
704 1659 871 1745 respondet
892 1658 944 1722 hic
964 1680 1073 1723 versus
1092 1655 1251 1743 strophico

155 1775 230 1847 935.
244 1765 394 1842 διατομαῖς
408 1762 443 1826 od
464 1765 578 1844 φίλαις.
600 1764 741 1826 διοδότων
754 1759 875 1846 scripsit
889 1760 1042 1825 Bothius:
1066 1783 1130 1846 qua
1149 1759 1260 1824 forma.

153 1863 211 1927 etsi
226 1863 273 1928 uti
287 1863 426 1950 potuisse
439 1865 570 1929 Graecos
584 1863 715 1930 Diodoti
734 1886 847 1929 nomen
861 1863 965 1941 docet,
981 1877 1084 1926 tamen
1100 1885 1173 1927 usos
1186 1884 1253 1927 esse

155 1963 243 2029 nullo
255 1965 400 2052 exemplo
413 1978 545 2031 constat.
584 1965 796 2044 Quamobrem
811 1963 1124 2051 probabiliusjudico
1138 1961 1253 2028 διοσδό-

154 2092 215 2132 των
227 2090 267 2132 ex
281 2066 466 2154 glossemate
479 2090 545 2132 esse
559 2066 726 2131 invectum.
772 2067 918 2130 Fortasse
939 2066 1136 2131 scribendum
1155 2071 1258 2131 διοπε·.

155 2176 215 2234 τῶν
228 2169 359 2252 ἀλγέων.
382 2175 521 2237 διιπετεῖς
535 2170 690 2252 συμφοράς
704 2168 801 2234 dictas
815 2192 881 2233 esse
894 2168 1055 2234 annotavit
1069 2171 1180 2255 Etym.
1197 2169 1250 2232 Μ.

156 2294 189 2358 p.
206 2287 245 2354 27
246 2289 280 2357 5,
297 2290 348 2337 ao.
394 2273 446 2336 De
466 2271 567 2357 ἀχέων
580 2271 612 2337 in
633 2271 754 2354 ἀλγέων
768 2271 920 2336 mutando
938 2271 1030 2336 enam
1047 2270 1253 2336 Blomsreldus

154 2373 316 2462 cogitavit.
359 2374 444 2439 Aliis
456 2374 586 2440 fortasse
601 2375 720 2458 ἀχθέων
733 2373 877 2461 placebit.

199 2496 274 2561 949.
289 2478 348 2542 θπδ
363 2478 396 2541 δὲ
410 2478 524 2557 σόματι
539 2477 668 2560 (χώματι
680 2474 898 2559 Blomlieldus)
911 2480 968 2558 γᾶς
975 2482 1104 2544 πλοῦτος
1115 2478 1255 2557 ἄβυσσος

156 2578 255 2663 ἔσται]
276 2579 394 2641 Verum
414 2576 579 2641 verborum
601 2597 738 2654 sensum,
757 2596 872 2639 amarae
893 2573 1000 2639 ironiae
1021 2574 1187 2661 gravisque
1208 2598 1256 2639 re-

157 2677 369 2767 prehensionis
382 2678 524 2766 plenum,
540 2677 700 2742 Heathius
714 2691 875 2742 assecutus
888 2692 946 2742 est.
985 2680 1092 2758 Quum
1109 2676 1255 2742 Eteocles

158 2794 190 2846 et
212 2779 377 2868 Polynices
397 2780 491 2845 ambo
512 2779 552 2844 de
574 2794 657 2844 terra
679 2779 834 2843 Thebana
857 2779 1099 2859 contendissent,
1122 2795 1256 2868 uterque

157 2897 261 2949 autem
277 2882 361 2948 solus
382 2884 479 2971 hujus
491 2895 584 2947 terrae
597 2882 744 2946 dominus
757 2906 823 2948 esse
837 2882 997 2964 voluisset,
1012 2883 1127 2948 ironice
1140 2882 1256 2949 chorus

157 2986 238 3050 hauc
260 2985 420 3050 avaritiam
447 2983 671 3072 nuncexpleri
692 2982 856 3072 significat,
878 2985 963 3072 quod
986 3002 1142 3073 quantum
1164 3000 1258 3055 terroe

158 3088 293 3177 spatium
323 3088 383 3152 sub
410 3086 569 3166 cadavere,
599 3109 699 3172 quum
729 3090 886 3176 sepultum
917 3089 1023 3168 fuerit,
1045 3088 1254 3168 contineatur,
1374 3118 1376 3122 ’
1434 3151 1439 3159 ,

157 3192 302 3279 quamvis
315 3191 465 3254 immensa
480 3188 520 3253 sit
539 3188 630 3276 spatii
650 3189 861 3275 profunditas,
875 3190 908 3254 id
928 3190 986 3254 sibi
1006 3191 1139 3278 quisque
1155 3190 1255 3255 viudi-

157 3318 228 3359 care
242 3293 357 3358 scilicet
371 3291 477 3380 possit.
500 3291 553 3355 Cf.
568 3313 599 3353 v.
613 3307 686 3375 731.
703 3293 802 3355 SCH.
827 3291 878 3356 Sic
887 3293 954 3379 jam
967 3293 1141 3372 scholiasta,
1153 3293 1256 3373 πολλὴ

158 3400 210 3477 τῆς
223 3422 278 3479 γης
290 3397 309 3475 ἡ
324 3396 457 3477 ἀφθονία
469 3394 659 3458 ὑποκείσεται
673 3393 781 3460 αὐτοῖς.

201 3496 331 3584 σώματι]
347 3499 466 3578 σόμασι
480 3497 520 3558 F.
543 3496 678 3574 σώματος
693 3493 771 3559 Ald.
787 3496 890 3561 Turn.

201 3618 276 3687 951.
291 3599 385 3687 Hm]
403 3601 537 3664 Ismenoe
552 3619 664 3663 nomen
679 3597 844 3683 praelixum
859 3597 892 3661 in
907 3597 985 3663 Ald.
1001 3599 1107 3664 Turn.

201 3705 418 3770 ἐπανθίσαντες
432 3700 577 3766 Bothius.
622 3699 805 3787 Legebatur
819 3701 1051 3782 έπανθήσαυτες.

202 3823 275 3890 952.
297 3804 421 3868 πόνοισί
438 3828 475 3885 γε
496 3803 603 3882 δόμους
619 3801 753 3868 Vindob.
773 3803 850 3868 duo.
872 3805 995 3870 πόνοισί
1014 3829 1051 3886 γε
1071 3805 1172 3884 δόμοις
1194 3805 1257 3869 Ba-

159 3931 240 3972 rooc.
253 3907 332 3971 Ald.
346 3906 470 3971 πόνοισί
481 3929 517 3987 γε
532 3905 617 3983 δόμοι
629 3903 712 3968 Rob.
729 3906 834 3970 Turn.
849 3910 969 3972 πόνοισι
983 3909 1093 3989 γενεὰν
1111 3904 1117 3994 Ι
1135 3907 1258 3972 πόνοισί

159 4044 196 4102 γε
210 4005 317 4099 δόμουως
332 4018 382 4080 Μ.
403 4016 524 4080 πόνοισι
537 4016 648 4096 γενεδν
661 4015 781 4081 πόνοισι
795 4019 879 4099 δόμοι
894 4018 935 4082 L.
981 4016 1187 4083 scribendum
1202 4018 1256 4082 πό-

159 4146 239 4187 νοισι
252 4124 373 4204 γενεάν,
388 4117 491 4182 deleto
504 4116 688 4204 glossemate
701 4119 822 4183 πόνοισι
835 4119 950 4198 δομαός.

203 4239 276 4309 953.
291 4219 347 4288 an'
361 4243 425 4286 om.
439 4219 559 4306 aliquot
572 4218 665 4284 codd.

203 4345 280 4411 955·
294 4322 507 4406 “fl’flwlvw]
525 4320 726 4403 τετραμμένον
741 4320 826 4385 Rob.

203 4424 375 4510 παντρόπῳ]
389 4426 550 4509 παντρόφγ
567 4425 604 4488 C.

204 4527 326 4614 γένους]
340 4530 392 4591 τοῦ
406 4525 511 4609 γένους
525 4526 608 4591 Rob.

664 4649 754 4694 tet
