2978 5062
568 335 636 397 ΑΙ)
659 335 848 398 PERSAS.
1193 337 1261 405 297

202 500 435 586 ᾠακοστρόφουν
452 503 619 564 Porsonus.
643 503 881 582 οἶακοστράφουν
896 500 1001 586 vulgo.

203 605 275 685 768.
298 606 394 684 τρίτος
414 601 438 666 δ’
454 601 503 666 ἀπ’
520 603 609 666 αὐτοῦ
628 601 735 688 Κῦρος]
759 603 864 688 Cyrus
879 600 1033 687 AEschylo
1049 600 1169 678 tertius,
1186 603 1262 666 Per-

157 729 263 771 sarum
279 731 335 771 rex
350 708 470 793 primus
485 704 582 792 vulgo
596 705 746 785 creditur,
762 729 800 769 eo
817 705 920 770 forsan
937 704 1072 784 nomine,
1086 706 1173 793 quod
1194 706 1260 794 pri-

158 831 229 871 mus
251 809 276 872 is
298 809 394 872 fuerit
411 811 515 881 Persa,
532 806 586 893 qui
611 806 714 870 Persis
735 807 909 893 imperavit.
955 806 1078 871 Priores
1094 807 1159 871 duo
1173 830 1262 895 reges

158 908 283 974 natione
298 911 410 983 Medi;
435 909 546 996 reliqui
560 931 670 973 omnes
688 911 811 972 Persae:
837 907 920 972 unde
934 908 1084 994 paulatim
1097 908 1164 995 ipsa
1176 909 1262 996 regio

159 1011 272 1075 Media
294 1027 326 1076 et
348 1013 578 1076 Persa-Media
597 1008 747 1098 appellari
767 1009 866 1088 desiit,
887 1023 918 1073 et
944 1008 1114 1073 Medorum
1137 1009 1262 1075 nomina

159 1111 285 1176 taudem
301 1113 430 1176 fuerunt
444 1111 569 1176 abolita
593 1112 761 1175 STANL.

203 1247 276 1316 773.
291 1229 388 1315 ἴθυνε]
403 1230 494 1310 ἤθυνε
509 1231 561 1294 A:
585 1228 670 1293 unde
684 1229 864 1294 Brunckius
878 1230 994 1308 ηὔθυνε.
1019 1228 1140 1292 Eadem
1156 1228 1261 1295 lectio-

159 1352 209 1394 ms
223 1346 357 1396 varietas
371 1355 401 1395 v.
415 1352 491 1413 411.

203 1463 276 1530 774.
293 1447 383 1513 Libri
399 1472 506 1513 omnes
519 1449 652 1531 πέμπτος
666 1453 699 1512 δὲ
714 1447 837 1530 Μάρδος
851 1447 950 1528 ἦρξεν.
985 1448 1126 1536 “Vulgo
1140 1451 1262 1538 conspi-

157 1547 300 1611 rantibus
314 1547 406 1612 oodd.
418 1549 551 1631 Μάρδος,
567 1550 654 1636 quod
670 1572 781 1615 nomen
797 1550 829 1613 in
847 1549 1040 1615 Persicorum
1057 1575 1168 1640 regum
1184 1553 1262 1618 serie

157 1649 270 1714 nullibi
285 1665 454 1737 comparet.
499 1655 552 1716 Ex
570 1651 736 1716 Herodoto
745 1650 822 1716 satis
843 1665 936 1715 notus
956 1653 1081 1734 Σμέρδις
1102 1668 1158 1719 est.
1196 1657 1262 1720 No-

159 1751 251 1815 minis
272 1753 404 1839 primam
427 1752 548 1817 literam
573 1753 700 1817 extrivit
725 1752 815 1816 metri
838 1753 1012 1832 necessitas,
1033 1757 1120 1841 quod
1141 1756 1172 1819 in
1194 1755 1262 1822 aliis

160 1853 290 1918 vocibus
320 1854 481 1929 usitatum,
512 1869 547 1918 ut
575 1856 607 1918 in
636 1855 749 1918 adfinis
780 1855 847 1919 soni
878 1855 973 1919 verbo
1004 1854 1120 1937 σμέρδω
1152 1855 1260 1936 μέρδο.

159 1955 382 2020 Emendationi
397 1956 483 2020 favet
494 1955 684 2032 scholiastes,
698 1977 793 2041 quam
811 1955 924 2019 alicubi
947 1958 1098 2042 prolatam
1116 1957 1190 2036 vidi,
1205 1959 1261 2023 sed

159 2054 275 2120 librum
297 2079 359 2121 non
382 2056 555 2122 recordor.”
589 2058 745 2120 Bauucr.
805 2056 903 2121 Liber
926 2057 983 2120 iste
1007 2057 1084 2122 Jani
1109 2060 1261 2144 Rutgersl

159 2170 216 2236 est,
238 2159 311 2222 Var.
339 2160 429 2223 Lect.
451 2179 486 2243 3,
512 2178 560 2221 10.
600 2158 662 2222 Sed
684 2180 784 2244 ecqua
803 2158 865 2222 fuit
889 2159 980 2224 metri
1002 2158 1165 2224 necessitas
1186 2184 1261 2246 quae

159 2274 282 2345 poetam
314 2262 486 2348 impelleret
514 2262 555 2325 ad
584 2260 715 2347 primam
746 2261 879 2325 nominis
903 2261 1022 2326 literam
1046 2261 1259 2342 emerendam,

158 2383 260 2446 quum
290 2360 378 2425 nulla
407 2378 487 2426 esset
510 2385 619 2427 caussa
649 2384 707 2426 cur
736 2362 876 2441 Πέμπτος
904 2364 936 2426 δὲ
962 2362 1074 2444 Μέρδις
1103 2361 1258 2442 scriberet,

160 2463 265 2550 potius
293 2486 389 2550 quam
427 2464 550 2547 Σμέρδις
587 2466 619 2528 δὲ
647 2464 789 2546 πέμπτος,
819 2464 904 2550 quod
935 2463 966 2527 in
994 2477 1082 2528 textu
1111 2463 1258 2550 reposui?

160 2568 334 2631 BLOMF.
367 2569 498 2633 Praetuli
515 2569 677 2655 Rutgersii
691 2567 949 2634 emendationem.
976 2569 1058 2631 Nam
1075 2565 1177 2653 aptior
1192 2589 1259 2629 ver·

158 2668 272 2733 borum
285 2669 447 2734 collocatio
457 2684 504 2734 est
514 2669 647 2751 πέμπτος
658 2672 690 2734 δὲ
703 2669 815 2750 Μέρδις
825 2690 920 2754 quam
933 2666 1058 2748 Σμέρδις
1067 2668 1101 2730 δὲ
1115 2665 1258 2745 πέμπτος.

160 2804 307 2891 Eamque
323 2827 363 2868 ex
377 2820 466 2891 parte
480 2804 675 2869 confirmavit
690 2806 740 2867 M.
762 2803 793 2867 in
810 2826 874 2890 quo
887 2781 1041 2885 δέμάρδύς.
1064 2824 1136 2889 quae
1158 2801 1254 2888 scrip·

161 2915 233 2966 tura
247 2926 287 2966 ex
301 2903 472 2968 scholiastae
486 2905 685 2970 annotatione
696 2904 792 2969 ducta
806 2919 864 2982 est,
875 2905 894 2983 ἡ
906 2905 1006 2986 γραφη
1021 2903 1191 2984 ἡμάρτηται.
1206 2901 1259 2966 τὸν

158 3007 219 3085 γάρ
246 3004 422 3086 ἐπιθέμενον
446 3010 481 3086 τῇ
508 3009 674 3086 Καμβύσου
696 3008 774 3094 ἀρχῇ
796 3004 893 3089 μάγον
918 3007 992 3069 ὄντα
1016 3007 1111 3071 οὐδεὶς
1134 3003 1259 3086 Μάρδον

162 3104 297 3187 (Μάρδιν
311 3106 413 3191 Rob.)
430 3107 522 3180 εἶπεν,
540 3110 607 3172 οὔτε
628 3108 716 3190 γένος
738 3111 805 3172 orire
827 3110 932 3188 ὄνομα.
955 3109 1068 3188 μήποτε
1090 3108 1144 3170 οὖν
1167 3132 1258 3188 γραπ-

159 3207 239 3282 τέον,
269 3206 385 3289 Μάρδις
408 3207 547 3290 (Μάρδος
571 3209 670 3293 Rob.)
695 3211 822 3290 αἰσχύνη
845 3208 949 3293 πάτρη.
984 3208 1080 3291 μάγος
1102 3209 1140 3286 ἦν
1166 3212 1182 3271 ὁ
1208 3213 1258 3285 τῆς

161 3310 252 3391 ἀρχῆς
275 3311 505 3390 ἐπιλαβόμενος,
529 3308 547 3389 ἢ
570 3313 642 3377 ἴσως
669 3312 822 3389 ὁμώνυμος
842 3312 1014 3390 ὑπεκρίνετο
1040 3310 1117 3372 εἶναι
1142 3309 1258 3390 Μερδίη

158 3412 201 3494 τῷ
216 3416 268 3474 τοῦ
283 3413 381 3492 Κύρου
395 3413 477 3475 παιδὶ
492 3413 614 3497 ἀδελφῷ
629 3436 662 3474 τε
677 3412 853 3490 Καμβύσου.
877 3411 970 3475 Cous.
985 3410 1025 3474 ad
1042 3434 1071 3473 v.
1087 3427 1160 3494 779.

203 3529 311 3616 πάτρη]
338 3558 384 3613 γρ.
410 3529 504 3617 πάτρῃ
526 3533 564 3593 Β.
599 3528 692 3612 πάτρῆ
711 3532 760 3594 Μ.
798 3527 909 3611 πάτρης
935 3531 972 3593 B.
1011 3527 1123 3611 πάτρας
1151 3529 1256 3614 Mosq.

161 3632 263 3698 Viteb.
285 3634 393 3700 Guelt‘.
416 3633 493 3697 Ald.
517 3634 600 3698 Rob.
621 3635 726 3696 Turn.
762 3630 859 3717 πάτρη
880 3632 1001 3697 codices
1023 3631 1162 3720 plerique
1184 3653 1257 3695 cum

162 3735 271 3822 Steph.

205 3872 277 3936 777.
294 3854 371 3918 Post
385 3854 470 3918 hunc
480 3877 604 3918 versum
620 3853 762 3940 sequitur
776 3854 808 3917 in
828 3853 1041 3933 libris‚‘Erros
1056 3853 1088 3914 δὲ
1104 3850 1256 3932 Μάραφις,

162 3957 289 4036 ἕβδομός
310 3954 334 4018 τ’
355 3955 569 4039 Ἀρταφρένης.
594 3979 688 4042 quern
709 3956 894 4019 versiculum
921 3954 1061 4041 spurium
1085 3975 1152 4016 esse
1168 3951 1258 4038 judi-

161 4059 244 4123 cavit
260 4057 438 4135 Scbutzius,
456 4057 609 4121 uncinulis
625 4056 748 4121 inclusit
764 4059 931 4120 Porsonus.
977 4055 1063 4118 Bene
1082 4052 1259 4118 observavit

162 4160 341 4236 Scbutzius,
353 4160 452 4245 quod,
468 4168 489 4200 “
501 4181 601 4245 quum
616 4174 734 4245 septem
752 4159 905 4245 principes
918 4159 1083 4220 Persarum
1099 4155 1139 4219 ad
1157 4157 1259 4219 Smer·

160 4261 215 4325 din
231 4261 406 4325 tollendum
422 4261 599 4346 conjurasse
621 4273 730 4324 notum
750 4274 842 4336 esset,
858 4256 1022 4322 scholiasta
1034 4256 1115 4321 forte
1129 4255 1259 4343 quidam

160 4364 203 4428 ad
216 4362 401 4449 explicanda
417 4362 562 4450 AEscbyli
578 4363 684 4441 verba,
707 4363 752 4429 οἶς
773 4359 832 4424 τόδ’
849 4359 886 4439 ἦν
908 4358 1006 4442 χρέος,
1022 4357 1168 4445 adjecerit
1190 4380 1258 4445 sep-

685 4484 740 4548 ΡΙ)
