2978 5062
239 331 304 393 aa)
600 327 978 393 ANNOTATIONES

239 496 292 561 cit.
329 496 444 581 Eurip.
469 497 624 561 Phoeniss.
645 517 715 582 131.
736 498 801 560 Τὸν
822 498 848 559 δ’
863 494 1047 576 ἐξαμείβοντ’
1063 495 1120 577 αιἰχ
1141 497 1214 577 ὁρᾷς
1229 495 1344 574 Δίρκης

239 601 334 679 ύῦορ;
360 597 533 662 BLOMF.
578 600 695 662 Versus
710 599 760 662 hio
774 598 818 662 sio
831 612 879 662 est
894 595 1069 712 metienffus

288 821 357 886 134.
379 803 558 886 πίμπλαται]
577 805 762 882 πίμπλανται
782 803 856 866 edd.
871 819 942 866 ante
960 800 1155 866 Brunekium
1171 814 1203 863 et
1216 799 1341 885 aliquot

239 903 369 967 codices.

285 1025 357 1091 135.
374 1007 485 1070 ἑκάστα
501 1009 639 1070 Α.Β.Μ.
654 1007 777 1092 aliique.
802 1007 911 1084 ἑκάστη
926 1003 1031 1090 vulgo.

288 1111 357 1193 136.
376 1109 542 1190 οίχμόεντα
557 1110 640 1172 ΑΒ.
658 1109 767 1173 Guelf.
800 1109 963 1191 αἱχμήεντα
979 1109 1028 1170 M.
1045 1124 1080 1170 ut
1095 1106 1200 1192 vulgo.
1232 1108 1341 1189 αἰχμή·

239 1209 350 1275 τότντα
365 1211 495 1274 Barooo.
512 1209 589 1273 Ald.

285 1330 356 1397 137.
380 1313 524 1393 τύνατῆρα
548 1312 804 1400 προπεμψαμένα]
827 1313 879 1377 sie
901 1312 1050 1377 Cantabr.
1069 1312 1189 1398 primus
1210 1328 1242 1375 et
1266 1312 1339 1397 (qui

239 1435 388 1517 εύνατῆρ)
406 1436 489 1499 Rob.
516 1437 662 1516 εὐνοτῆρα
676 1399 919 1519 ύρίιπεμψαμένο
934 1440 976 1500 Α.
1008 1436 1139 1517 εὐνατῆρ’
1155 1439 1339 1518 ἄποπεμψο-

237 1539 315 1618 μίνα
330 1546 404 1619 (-νη
420 1540 484 1617 Μ.)
500 1536 622 1600 codices
635 1536 745 1622 reliqui
761 1554 793 1601 et
808 1538 884 1602 Aid.
901 1543 1006 1603 Turn.

284 1659 358 1719 140.
372 1641 442 1724 ῦγε]
462 1639 550 1702 Libri
565 1639 686 1726 aliquot
700 1642 799 1719 ἄγετε,
815 1642 861 1705 vel
878 1643 958 1724 ἄγετ’
975 1645 1009 1721 ὦ,
1024 1640 1110 1728 quod
1125 1657 1172 1704 est
1187 1639 1217 1702 in
1235 1640 1322 1703 Rob.

285 1761 356 1826 143.
371 1740 527 1826 προσήκει]
541 1744 686 1823 προσήκοι
700 1742 766 1805 duo
780 1742 872 1806 codd.

285 1848 355 1924 146.
377 1845 596 1927 πατρονόμων]
623 1844 803 1922 Scholiasta,
826 1846 861 1908 τὸ
884 1848 1089 1925 πατρωνύμιον
1112 1845 1208 1926 γένος,
1232 1846 1298 1924 ἤτοι
1321 1849 1339 1907 ό

239 1949 313 2010 aar&
327 1946 442 2028 πατέρα
456 1948 606 2029 συγγενὴς
626 1950 707 2027 ἡμῖν,
726 1947 803 2011 τοῦτ’
820 1948 903 2011 ἔστιν
922 1951 940 2009 ό
962 1950 995 2010 ἐκ
1016 1950 1166 2029 προγόνου
1187 1946 1338 2028 ἰθαγενής.

239 2051 322 2113 Cum
339 2050 440 2113 forma
453 2048 598 2136 adjectivi
619 2048 827 2136 comparanda
842 2063 914 2112 sunt
929 2049 1099 2135 composita
1122 2051 1286 2128 ἐπωνύμως
1306 2063 1340 2112 et

237 2153 434 2234 παρωνύμως.

281 2252 441 2339 ἁμέτερον]
460 2253 665 2318 scribendum
681 2254 825 2334 ἡμέτερον
838 2276 908 2316 oum
927 2251 1121 2315 Blomfieido.

286 2371 355 2436 147.
371 2357 458 2436 ῥῦμα,
473 2365 602 2431 tractim,
619 2359 718 2433 όλιιός,
735 2356 876 2441 Hesyoh.
891 2379 956 2441 quo
970 2378 1063 2418 sensu
1078 2355 1177 2418 rarius
1191 2354 1338 2418 occurrit.

239 2460 365 2522 Auctor
380 2458 567 2543 nescioquis
587 2482 638 2544 ap.
658 2459 747 2522 Suid.
763 2459 792 2521 in
810 2481 884 2522 vooe
907 2461 938 2524 ἔς
959 2460 1046 2535 τόξου
1060 2460 1136 2539 ῥῦμα
1157 2457 1340 2537 περιέπλεον

239 2565 302 2626 τοῖς
310 2558 467 2639 Ῥωμαίοις
482 2563 511 2624 οἱ
524 2561 685 2641 βάρβαροι,
701 2559 791 2624 πόλλ’
807 2558 869 2640 ἅμα
888 2560 968 2639 βέλη
986 2558 1132 2639 ἀφιέντες.
1171 2559 1340 2644 Euuapius

238 2661 315 2727 ibid.
331 2664 425 2743 πέτρα
439 2665 472 2726 δέ
487 2689 531 2730 τις
544 2663 762 2742 ότεσπασμόνη
777 2664 808 2728 ἐς
821 2665 907 2740 τόξου
920 2663 1006 2742 ῥῦμα.
1037 2659 1152 2723 Pollux
1172 2680 1200 2738 1,
1218 2663 1288 2739 164.
1305 2662 1340 2722 ἐκ

238 2767 326 2843 τόξον
347 2767 474 2845 ῥύματος
493 2765 531 2842 ἦν
553 2765 571 2842 ἡ
590 2764 682 2846 μάχη.
721 2764 872 2849 Xenoph.
893 2762 1000 2826 Anab.
1024 2781 1055 2847 3,
1074 2781 1107 2846 3,
1129 2777 1177 2846 15.
1199 2764 1232 2825 ἐκ
1251 2763 1340 2839 τόξου

238 2867 375 2946 ῥύματος.
400 2866 573 2929 BLOMF.

287 2968 356 3044 148.
373 2966 551 3046 ῦορνκράνον
565 2989 584 3029 a
599 2965 752 3027 Turnebo
763 2964 896 3030 illatum.
925 2967 1024 3028 Recte
1039 2964 1156 3050 priores
1170 2964 1245 3028 edd.
1261 2970 1339 3045 δορι-

241 3066 359 3148 κρόνου.

287 3186 356 3251 151.
373 3167 463 3253 ῥόος]
479 3175 541 3250 φῶς
558 3170 687 3232 Βατοοο.
701 3183 733 3231 et
747 3169 813 3233 duo
827 3169 878 3233 alii
894 3190 965 3233 oum
982 3167 1059 3231 Ald.

286 3287 358 3355 152.
387 3275 558 3352 προσπίτνω
584 3273 633 3335 Μ.
667 3279 838 3351 προσπιτνῶ
864 3269 970 3357 vulgo.
1009 3279 1030 3309 “
1043 3267 1229 3354 Legendum
1258 3282 1339 3354 puto

240 3374 412 3454 προπίτνειν
426 3371 450 3436 δ’
465 3374 548 3453 ἡμᾶς.
584 3374 673 3437 Infra
686 3395 759 3459 594.
776 3375 846 3438 Ούτ’
861 3375 903 3439 είς
915 3378 973 3453 γᾶν
987 3372 1197 3452 προπίτνοντες
1205 3367 1337 3449 ''Apion-

240 3501 298 3540 ται.
323 3475 393 3539 vid.
410 3475 594 3540 Elmsleium
610 3478 650 3540 ad
666 3476 781 3562 Eurip.
799 3473 927 3538 Heraol.
943 3474 1017 3536 618.
1051 3472 1170 3534 Forsan
1187 3493 1261 3533 vero
1276 3494 1336 3534 vox

240 3599 368 3664 prorsus
394 3577 546 3663 ejicienda
571 3578 621 3654 sit,
646 3594 680 3641 ut
708 3600 814 3641 versus
841 3577 896 3639 fiat
925 3576 1006 3638 basis
1031 3571 1236 3659 anapoestioa;
1262 3587 1339 3637 tuno

240 3694 344 3744 autem
371 3679 516 3765 legerem,
543 3683 813 3762 Προσφθύγγοισιν
835 3680 868 3740 δὲ
893 3678 991 3759 χρεὼν
1019 3675 1139 3754 αι’πύν.”
1163 3676 1338 3741 BLOMF.

241 3781 324 3845 Mihi
347 3781 477 3845 sublatis
499 3780 618 3844 laounae
638 3779 862 3866 supplementis
876 3802 895 3842 a
909 3776 1112 3863 grammatico
1126 3775 1232 3862 aliquo
1246 3776 1339 3842 illatis

240 3884 438 3949 scribendum
457 3883 579 3946 videtur

498 3986 643 4061 βασίλεια
658 3982 682 4045 δ’
699 3983 754 4063 ἐμὴ
768 4003 811 4047 ω
825 3989 848 4038 L
860 4001 904 4046 ἱῖυ
919 4021 943 4032 -

499 4098 541 4143 ῡῦ
556 4081 578 4127 -’
592 4100 634 4146 o‘o
648 4121 671 4130 -
686 4086 733 4146 καὶ
747 4086 972 4166 προσφθόγγοις

498 4181 612 4248 πάντας
625 4185 744 4262 μύθοισι
759 4191 941 4265 προσαυδᾶν.

283 4285 466 4368 προσπίτνω]
484 4284 586 4347 Moris
600 4301 666 4348 erat
680 4286 765 4373 apud
784 4289 893 4350 Persas
909 4301 945 4349 ut
962 4306 1066 4369 regem
1082 4283 1234 4347 adeuntes
1250 4285 1341 4370 proni

240 4386 416 4464 adorarent,
441 4386 622 4471 priusquam
650 4386 680 4448 in
706 4410 906 4473 congressum
932 4385 1164 4470 colloquiumve
1187 4386 1343 4452 venirent.

241 4488 441 4552 Tithrausten
470 4490 556 4574 apud
583 4487 757 4566 AElianum,
781 4491 854 4553 Vnr.
882 4487 968 4551 Hist.
994 4506 1022 4562 1,
1050 4505 1101 4550 21.
1128 4488 1231 4564 Νόμος
1257 4489 1342 4552 ἐστὶν
