2978 5062
523 310 590 373 AD
614 309 971 374 PROMETHEUM.
1252 304 1291 373 91

193 474 275 538 enim
291 474 436 562 putabat,
453 476 641 564 AEsehylum
663 476 704 540 de
721 477 901 563 trajectione
923 475 1017 540 maris
1033 473 1130 539 Ionici
1153 472 1292 536 locutum

194 598 279 649 esse,
304 576 437 664 ideoque
450 594 631 663 sequentem
648 600 771 641 versum

325 725 378 807 ἀφ’
393 726 428 790 οὗ
444 725 471 807 γ’
487 728 719 809 ἅλιπλόγκτοισι
734 728 856 814 χειμόζῃ
871 729 989 808 δρόμοις

196 878 238 942 sic
253 877 447 963 refingebat:

325 1025 373 1108 ἐφ’
388 1029 424 1092 οὗ
438 1026 466 1110 γ’
482 1029 713 1111 ἅλιπλόγκτοισι
726 1030 849 1116 χειμάζῃ
865 1032 993 1111 δρόμοις.

197 1181 237 1243 In
252 1203 328 1265 quo,
340 1195 493 1266 quantum
509 1179 610 1258 video,
622 1181 732 1245 Inachi
746 1181 840 1245 filiam
856 1182 887 1244 in
905 1203 989 1244 more
1000 1178 1124 1244 Ionium
1136 1177 1295 1254 desiliisse,

194 1281 331 1367 indeque
345 1304 401 1368 per
417 1280 556 1345 Siculum
573 1280 604 1344 in
620 1283 761 1367 AEgeum
778 1305 862 1346 mare
876 1297 1013 1345 tranasse
1036 1280 1179 1366 putabat,
1195 1279 1295 1343 donec

195 1383 321 1447 tandem
344 1381 458 1446 alicubi
480 1380 661 1468 appelleret,
676 1397 709 1447 at
727 1383 863 1447 terrestri
884 1383 994 1446 itinere
1015 1381 1055 1446 ad
1072 1381 1295 1445 Prometheum

194 1483 380 1571 perveniret.
423 1485 470 1547 Et
489 1483 562 1548 huic
582 1484 710 1569 quidem
727 1484 848 1548 Pauwii
868 1497 1044 1548 commento
1059 1482 1217 1546 Heathius
1230 1482 1294 1546 esl-

193 1585 300 1650 culum
314 1585 449 1672 adjicere
469 1584 575 1649 nullus
595 1585 764 1663 dubitavit,
779 1586 837 1649 nisi
859 1586 945 1672 quod
968 1608 1067 1649 unum
1091 1599 1212 1649 tantum
1236 1584 1295 1648 sibi

194 1689 377 1774 scrupulum
399 1702 515 1752 restare
536 1687 662 1752 fatetur.
709 1689 786 1751 Post
808 1710 892 1752 mare
914 1687 1060 1751 nimirum
1082 1687 1208 1750 lonium
1230 1701 1294 1750 tra·

189 1790 311 1876 jectum
341 1788 555 1875 longissimum
585 1789 689 1853 adhuc
720 1789 768 1853 Ioi
801 1804 944 1853 terrestre
975 1790 1034 1853 iter
1066 1789 1293 1852 conficiendum

194 1889 300 1966 fnisse,
323 1889 506 1976 priusquam
529 1890 568 1954 arl
594 1892 818 1956 Prometheum
843 1891 988 1955 accedere
1010 1890 1182 1977 potuisset,
1215 1906 1246 1954 et
1270 1891 1295 1953 si

194 1990 235 2055 de
248 1992 342 2057 muris
357 1992 536 2078 trajectione
550 1991 674 2057 locutus
694 2009 774 2057 esset
795 2009 899 2079 poeta,
914 2016 985 2056 eum
1008 2015 1069 2055 non
1089 1993 1223 2074 χειμάζῃ,
1239 1992 1294 2056 sed

195 2094 375 2177 ἔχειμόσθης
404 2093 593 2180 scripturum
617 2094 722 2159 fuisse.
769 2095 865 2158 Enim
892 2118 966 2159 vero
993 2108 1058 2158 tota
1083 2095 1151 2158 hoec
1173 2094 1293 2158 Pauwii

195 2194 274 2258 ratio
294 2194 385 2259 fscile
406 2194 606 2259 convincitur.
652 2195 737 2263 Quid
760 2196 843 2258 enim
865 2219 936 2259 eum
960 2218 1085 2259 movere
1107 2211 1240 2281 poterat,
1258 2210 1295 2260 ut

194 2296 333 2361 crederet
344 2296 533 2383 AEschylum
549 2298 663 2360 erranti
677 2295 787 2382 virgini
804 2318 866 2359 non
882 2311 1024 2360 terrestre
1038 2295 1138 2359 solum
1154 2295 1223 2375 iter,
1240 2297 1293 2360 sed

193 2398 286 2463 etiarn
302 2421 427 2462 cursum
449 2396 639 2461 maritimum
660 2396 813 2471 tribuisse,
829 2413 997 2483 antequam
1013 2397 1052 2460 sd
1071 2399 1293 2461 Prometheum

194 2498 339 2562 veniret?
363 2499 487 2562 Scilicet
509 2498 588 2562 nihil
609 2497 695 2561 aliud
717 2497 873 2561 hominem
890 2496 1010 2574 fefellit,
1026 2520 1120 2582 quam
1140 2498 1226 2582 quod
1241 2497 1294 2562 alii

194 2602 358 2688 scriptores
387 2623 471 2664 mare
498 2600 624 2664 Ionium
649 2600 689 2664 ab
716 2601 774 2663 Ius
800 2600 979 2686 trajectione
1004 2601 1197 2664 nominatum
1225 2623 1293 2665 esse

194 2703 387 2789 perhibeant.
433 2707 481 2767 At
503 2703 584 2766 enirn
609 2726 683 2768 vero
705 2702 780 2766 nihil
804 2704 862 2766 hoc
884 2703 924 2767 ad
941 2702 1131 2789 AEschylum
1148 2703 1292 2790 pertinet.

194 2805 374 2869 Ferendum
390 2803 471 2868 enim
488 2827 550 2868 non
561 2819 617 2882 est,
630 2804 768 2869 diversas
782 2803 975 2868 diversorum
992 2822 1154 2892 poetarum
1171 2805 1294 2869 fabulas

193 2907 275 2970 inter
296 2929 329 2969 se
351 2905 552 2983 commisceri,
575 2921 607 2971 et
628 2929 701 2992 quae
723 2907 907 2970 recentiores
928 2907 1009 2970 forte
1034 2907 1214 2994 adjecerint,
1238 2924 1295 2971 aut

194 3008 394 3085 mutaverint,
418 3031 456 3072 ea
480 3007 703 3072 vetustioribus
724 3030 852 3094 quoque
877 3008 987 3094 poetis,
1014 3008 1158 3093 quamvis
1179 3008 1293 3087 invitis,

193 3109 332 3174 obtrudi.
379 3111 451 3173 Hoc
476 3109 573 3195 igitur
596 3110 731 3196 positum
759 3109 848 3174 nobis
870 3109 909 3173 sit
931 3110 1081 3194 inprimis,
1108 3113 1232 3196 trtp'ecti
1254 3112 1294 3175 nb

196 3211 306 3276 Inachi
321 3210 385 3275 filia
401 3211 493 3275 maris
507 3212 538 3274 in
555 3211 603 3274 his
614 3211 757 3297 AEschyli
770 3210 871 3274 verbis
886 3209 1008 3273 nullum
1024 3211 1116 3297 plane
1128 3212 1293 3298 vestigium

192 3336 268 3376 esse.
314 3312 401 3376 Nihil
417 3312 502 3376 aliud
518 3312 599 3375 enim
615 3311 818 3397 significatur,
835 3333 929 3396 quam
952 3333 1019 3374 eam
1043 3313 1179 3376 terrestri
1199 3335 1294 3376 cursu

194 3414 287 3478 maris
300 3438 386 3479 oram
402 3414 456 3493 τὴν
470 3416 636 3495 παρακτίαν
651 3411 769 3497 legisse,
785 3410 899 3474 deinde
921 3411 961 3474 ad
985 3410 1086 3474 sinum
1104 3412 1203 3476 Rhea
1225 3436 1295 3498 per-

194 3516 324 3580 venisse.
370 3518 484 3602 Neque
506 3538 581 3579 vero
595 3513 811 3600 Apollodorus
832 3513 873 3576 ab
895 3513 952 3577 hac
975 3515 1113 3578 locorum
1136 3515 1295 3580 notatione

192 3620 333 3686 discedit.
380 3622 415 3685 Is
429 3617 510 3684 enim
529 3618 692 3695 Inachides,
710 3633 875 3704 postquam
890 3633 985 3682 oestro
1006 3642 1026 3682 a
1040 3620 1063 3683 J
1067 3643 1169 3684 unone
1190 3620 1292 3683 conci·

193 3738 259 3788 tata
280 3737 372 3797 esset,
395 3725 438 3789 εἰς
459 3722 513 3785 τὸν
534 3720 583 3786 ἀπ’
607 3723 719 3800 ἐκείνης
739 3719 848 3784 Ἰόνιον
871 3723 984 3785 κόλπον
1006 3724 1154 3801 κληθέντα
1175 3723 1294 3788 venisse

193 3841 308 3889 narrat.
354 3824 458 3888 Verba
480 3825 522 3889 εἰς
542 3822 597 3886 τὸν
613 3824 726 3885 κόλπον
744 3822 829 3885 haud
846 3820 936 3886 aliter
954 3824 1082 3910 accipio,
1097 3848 1132 3888 ac
1149 3824 1293 3911 AEschyli

193 3926 247 3990 illa
260 3927 333 4008 πρὸς
346 3924 443 4007 μέγαν
459 3926 572 3987 κόλπον
585 3921 680 3989 Ῥέας.
705 3924 828 3986 Neutra
841 3923 953 3986 harum
967 3925 1127 4011 phrasinm
1140 3926 1292 4011 significat

195 4030 235 4093 Io
249 4029 280 4091 in
300 4029 403 4114 ipsum
426 4025 519 4089 inuris
541 4024 642 4088 sinum
665 4048 698 4088 se
719 4024 877 4110 dejecisse,
895 4025 948 4089 sed
971 4040 1094 4090 tanturn
1117 4050 1222 4097 usous
1244 4052 1291 4092 no

192 4152 265 4194 eum
289 4144 476 4216 penetrasse.
523 4128 639 4190 Verum
660 4125 711 4189 hic
732 4147 814 4188 nova
835 4126 936 4189 oritur
949 4127 1093 4212 questio,
1108 4129 1236 4214 quinam
1253 4132 1293 4195 sit

192 4231 245 4296 ille
266 4231 365 4308 sinus,
381 4253 474 4316 quern
492 4228 663 4314 AEschylus
679 4230 792 4291 κόλπον
805 4226 890 4296 Ῥέας
912 4229 1060 4293 nominet.
1105 4233 1294 4319 Francogul.

193 4333 243 4398 lus
257 4335 411 4419 interpres
428 4330 559 4416 intelligi
574 4329 673 4393 voluit
694 4332 793 4393 sinum
812 4330 1016 4394 Ambracium
1035 4334 1246 4405 (muirttcnaut
1266 4338 1293 4399 tc

189 4436 280 4522 golfc
294 4436 332 4498 dc
346 4433 470 4513 l'Artn)
487 4454 548 4496 non
565 4429 698 4496 multum
719 4454 739 4493 a
755 4432 964 4499 Molossorum
986 4434 1111 4519 regione
1129 4453 1293 4502 remotum.

713 4554 738 4594 u
758 4551 775 4596 2
