2978 5062
617 362 685 424 AD
708 362 897 426 PERSAS.
1241 362 1311 434 275*

248 526 322 605 480.
338 527 387 613 γε]
403 530 435 591 δὲ
450 527 527 592 Ald.
546 530 651 593 Turn.
669 529 777 616 Steph.

246 628 320 705 481.
346 632 479 710 αίρονιαι
505 630 675 695 Elmsleins
704 632 745 694 ad
772 632 885 718 Eurip.
913 629 1073 695 Heraclid.
1099 649 1174 716 505.
1214 631 1304 695 Libri

147 765 150 769 ·
204 731 363 809 αἱροῦνται.

245 831 321 908 482.
337 834 464 914 στρατὸς
479 833 502 897 δ’
520 837 537 896 ό
553 835 669 917 λοιπός]
689 837 812 921 Nempe
827 834 987 898 terrestris.
1013 836 1112 899 SCH.

245 936 320 1021 483.
346 943 486 1017 κρηναῖον
507 939 613 1020 γόνος]
637 939 805 1000 Fontanus
826 938 920 1000 lateo.
945 937 1105 1022 Lycophr.
1128 955 1201 1022 247.
1226 944 1303 1020 Κρη.

204 1044 289 1102 ναῖον
308 1041 340 1118 ἐξ
362 1040 469 1118 δμμοιο
490 1039 638 1124 ροιβδήσῃ
660 1039 759 1121 γόνος.
785 1038 836 1102 ubi
855 1040 964 1102 Tzetz.
981 1038 1083 1120 γόνος,
1098 1041 1200 1104 νῦντὸ
1216 1044 1302 1124 ὕδωρ·

203 1141 342 1224 ἀλλαχοῦ
372 1141 405 1204 τδ
434 1141 525 1222 γάλα.
558 1140 671 1226 Eurip.
701 1139 812 1227 Suppl.
843 1139 1100 1205 1160.·’Acdrrov
1125 1142 1224 1223 γόνος.
1250 1142 1302 1207 ubi

203 1240 274 1306 vide
288 1242 415 1306 omniuo
431 1243 608 1328 Musgravii
632 1257 746 1307 notata.
778 1246 896 1328 Agam.
915 1264 1006 1323 1400.
1023 1247 1197 1325 Χαίρουσαν
1217 1247 1303 1311 οὐδὲν

201 1343 343 1424 huconi
360 1349 502 1431 διοσδότῳ
515 1346 604 1409 Γόνει
622 1346 769 1427 σπορητὸς
783 1345 907 1413 κάλυκος
924 1348 957 1409 ἐν
971 1349 1146 1429 λοχεύμασι.
1193 1349 1304 1436 Hujus

201 1445 318 1511 fabulae
340 1450 415 1512 621.
438 1453 569 1515 παλαιᾶς
590 1446 725 1526 ἀμπέλου
748 1447 848 1528 γόνος.
871 1446 1013 1532 Etymol.
1038 1450 1089 1510 M.
1113 1472 1145 1534 p.
1164 1469 1237 1530 221,
1252 1472 1302 1520 21·

201 1548 411 1632 γόνος-ὅπερ
426 1550 492 1612 ἔστι
506 1550 540 1612 πδ
555 1555 643 1628 πῶμα
657 1548 691 1611 τὸ
703 1550 852 1630 λαμπρόν.
875 1549 1041 1630 Εὐριπίδης.
1059 1548 1161 1614 Ὅπου
1174 1555 1303 1636 βότρυος

201 1654 236 1716 ἐν
250 1653 328 1716 δαιτὶ
341 1654 476 1735 γίγνεται
490 1652 590 1735 γόνος.
608 1653 741 1733 (Bacch.
759 1653 850 1733 261.)
890 1655 1038 1717 Ceterum
1054 1671 1212 1720 auctorem
1235 1657 1303 1723 ido·

201 1776 294 1817 neum
308 1778 370 1819 nou
386 1756 481 1820 habet
497 1755 584 1841 quod
600 1754 695 1819 tradit
713 1756 755 1818 ad
775 1755 806 1819 h.
822 1754 841 1817 Ι.
857 1755 1089 1840 grammaticus,
1104 1762 1193 1826 τόπος
1209 1767 1300 1825 Bota-

201 1858 265 1924 τίας
285 1859 303 1938 ἡ
327 1858 435 1940 Κρήνη.
485 1859 707 1921 Memorantur
730 1856 857 1943 quidem
882 1857 963 1921 inter
984 1859 1167 1924 Thebarum
1195 1879 1302 1948 portas

199 1958 292 2023 etiam
309 1962 340 2024 οί
359 1966 514 2042 Κρηναῖαι,
531 1960 574 2023 sic
589 1983 608 2023 a
623 1960 719 2022 Dirce
738 1958 913 2022 nominatae.
937 1959 1113 2026 BLOMF.
1159 1964 1301 2029 Scriben-

200 2057 276 2122 dum
308 2067 448 2141 κρηναῖον
476 2058 566 2124 litera
592 2057 781 2122 minuscula:
815 2058 871 2122 nisi
896 2059 967 2145 quis
991 2082 1103 2124 nomen
1137 2065 1300 2152 proprium

199 2159 327 2225 defendi
349 2177 440 2248 putet
464 2161 605 2225 Theonis
623 2161 739 2224 scholio
758 2160 799 2225 ad
824 2164 914 2224 Arat.
939 2160 1048 2225 Phoen.
1070 2183 1142 2248 205.
1168 2165 1226 2230 ὑπὸ
1249 2172 1302 2238 rba

199 2264 344 2343 ὑπωρείας
366 2267 424 2346 γὰρ
446 2270 499 2328 τοῦ
519 2262 683 2332 Ἑλικῶνος
702 2265 720 2344 ἡ
743 2264 882 2329 Θέσπεια
902 2271 1004 2329 κεῖται·
1030 2268 1065 2330 ἐν
1086 2269 1119 2331 δὲ
1139 2275 1204 2336 ταῖς
1222 2271 1301 2335 ὑπο·

198 2366 323 2446 ρείαιςή
340 2366 440 2447 Κρήνη
456 2368 532 2431 ἔστί.
556 2372 690 2432 καλεῖται
712 2369 745 2430 δὲ
766 2368 857 2433 οὕτως
879 2368 957 2434 totos
974 2369 1046 2447 αίίπη
1060 2368 1079 2448 ἡ
1093 2370 1172 2451 πηγδ
1189 2372 1300 2455 Κρήνη.

199 2465 239 2531 de
253 2490 318 2552 quo
332 2466 413 2532 dixit
429 2469 580 2555 Ungerus
593 2468 626 2532 in
643 2469 805 2533 Thebanis
820 2468 994 2533 Paradoxis
1009 2469 1070 2534 vol.
1086 2490 1113 2536 1.
1126 2495 1160 2559 p.
1170 2474 1246 2555 461.

239 2571 314 2649 484.
327 2571 402 2652 δίψη
418 2571 467 2634 Μ.
490 2573 574 2654 δίψει
588 2572 693 2656 vulgo.

241 2671 316 2756 485.
346 2671 559 2759 διεκπερῶμεν]
590 2670 788 2753 διεκπερῶμέν
815 2671 839 2736 τ’
871 2671 1017 2751 Bothius,
1046 2690 1199 2741 commate
1227 2694 1300 2764 post

199 2775 282 2838 κενοί
301 2772 414 2860 posito.
459 2774 522 2852 Qui
545 2797 607 2838 non
630 2773 850 2839 animadvertit
868 2773 1042 2839 liberiorem
1056 2777 1203 2844 orationis
1221 2804 1297 2846 con·

197 2873 426 2953 formationem,
449 2899 514 2961 qua
537 2875 640 2939 verbis
664 2876 698 2939 ἔν
720 2901 753 2940 τε
780 2883 916 2942 Βοιωτῶν
943 2880 1033 2961 χθονὶ
1059 2880 1205 2947 δαόλλντο
1230 2884 1298 2949 hoec

197 2977 397 3065 respondent,
414 2981 443 3043 οί
457 2977 482 3044 δ’
497 2977 544 3042 ὑπ’
561 2980 712 3059 ἄσθματος
727 2982 807 3045 κενοὶ
821 2986 1071 3063 διεκπερῶμεν-.

239 3081 312 3160 486.
330 3079 450 3167 Μηλιᾶ]
468 3080 589 3160 Μηλιέα
603 3079 668 3144 duo
682 3080 776 3146 codd.

238 3183 314 3264 488.
329 3180 483 3266 Ἀχαίδος]
509 3182 715 3247 Scribendum
731 3182 883 3267 Ἀχαιίδος
904 3208 975 3249 cum
997 3187 1175 3254 Brunchio:
1200 3213 1294 3276 quam

196 3284 381 3373 scripturam
396 3285 428 3348 iu
446 3287 532 3372 Sept.
549 3309 577 3347 v.
595 3286 646 3350 28.
663 3299 724 3350 tres
738 3284 859 3348 codices
870 3300 1043 3350 servarunt.
1067 3296 1089 3326 “
1103 3288 1297 3377 Intelligitur

197 3388 318 3453 Achaia
334 3387 509 3452 Phthiotis:
535 3388 618 3452 conf.
636 3387 780 3451 Strabon.
795 3404 823 3448 1.
838 3407 870 3470 p.
884 3403 938 3468 45.
954 3406 985 3470 9.
1002 3409 1033 3474 p.
1048 3391 1143 3475 433.”
1165 3393 1267 3459 SCH.

236 3491 311 3574 489.
325 3489 461 3574 πόλισμ’]
479 3493 568 3558 πόλις
583 3491 632 3555 Μ.

236 3611 313 3675 49ι.
328 3593 417 3680 δίψη]
435 3596 519 3676 δίψει
532 3593 617 3657 A.B.
632 3590 748 3676 aliique
763 3587 916 3654 nonnulli.

235 3694 328 3782 λιμῷ]
351 3694 483 3759 Foedam
505 3693 620 3758 famem
643 3691 759 3779 quain
783 3689 947 3755 Thessalia
968 3690 1165 3780 affligebatur
1187 3699 1297 3764 Persa·

193 3817 264 3860 rum
286 3797 441 3862 exercitus
462 3795 636 3861 luculenter
657 3791 803 3859 describit
818 3792 1012 3858 Herodotus.
1059 3796 1148 3862 Idem
1172 3802 1296 3868 morbo-

192 3920 264 3963 rum
301 3899 521 3987 pestilentiam,
552 3898 693 3986 inprimis
728 3897 950 3985 dysenteriam,
980 3900 1140 3967 accessisse
1177 3924 1293 3974 narrat.

233 4123 308 4187 492.
323 4104 377 4184 ἠδὲ
391 4103 476 4168 Rob.
499 4104 530 4171 ἔς
544 4128 577 4168 τε
590 4102 662 4167 libri
676 4101 790 4189 reliqui
805 4123 921 4166 omnes.

232 4227 308 4293 493.
330 4207 444 4291 Ἀξίου]
469 4205 588 4287 Ἀξείου
606 4206 726 4294 aliquot
740 4204 830 4270 codd.
868 4204 941 4268 Hoc
963 4226 1076 4272 nomen
1096 4213 1291 4296 grammatici

190 4309 319 4396 quidam
335 4324 508 4397 oxytonum
524 4331 589 4373 esse
603 4309 783 4388 voluerunt,
798 4319 836 4371 ut
854 4304 895 4370 ab
914 4304 1069 4394 adjectivo
1086 4315 1167 4392 δξιος
1181 4314 1291 4383 distin·

191 4427 332 4498 guerent.
359 4412 396 4475 V.
409 4410 450 4475 ad
465 4412 546 4476 Eur.
563 4411 678 4477 Bacch.
693 4427 768 4497 570.

685 4536 711 4578 M
729 4537 759 4577 m
776 4534 795 4582 2
