2978 5062
249 325 293 392 36
607 327 986 393 ANNOTATIONES
1014 388 1017 394 .

250 494 326 576 675,
349 511 400 575 49.
426 495 541 576 ἐπηύρω
562 496 612 558 Μ.
647 497 746 560 Recte
771 496 939 562 Elmsleius
962 498 994 560 in
1017 519 1149 560 censura
1170 495 1219 559 ed.
1240 496 1349 559 Blom·

250 594 335 658 lieldi
352 596 468 659 “Vera
485 596 648 683 scriptura,
665 598 695 661 ni
710 598 813 676 fallor,
829 614 875 663 est
890 601 1025 679 ἐπηθρου.
1049 597 1161 684 Eurip.
1179 599 1261 661 Hec.
1275 598 1350 680 476.

251 696 315 762 Τίν’
332 699 429 762 αἰτίαν
443 699 540 781 σχὼν,
556 699 590 778 ἧς
612 701 778 781 ἐπηυρόμην
793 700 862 780 ἐγώ.
902 698 992 762 Idem
1016 721 1107 762 sensu
1130 720 1192 762 non
1210 697 1353 761 dissimili

252 797 326 883 Iph.
351 799 450 861 Taur.
473 814 549 884 529.
574 801 653 880 Πρὶν
675 803 734 881 γὰρ
758 806 861 864 θανεῖν
881 826 929 874 σε,
955 802 1032 863 τοῦδ’
1054 800 1237 882 ἐπαυρέσθαι
1259 799 1350 862 θέλω.

254 899 399 964 Incertus
419 900 506 987 apud
529 901 649 964 Athen.
673 924 706 987 p.
722 905 786 988 336
803 902 841 964 B.
865 906 980 981 Μικροῦ
995 903 1027 964 δέ
1041 903 1145 980 βιότου
1166 898 1246 977 ξοντ’
1264 902 1353 964 ἐπαυ-

251 1001 359 1082 ρέσθαι
379 1004 487 1084 χρεόν.
510 1002 703 1079 Andocides,
719 1027 751 1089 p.
768 1019 820 1087 75.
842 1003 891 1067 ed.
910 1001 1018 1066 Reisk.
1040 1027 1060 1066 a
1083 1001 1220 1066 Stanleio
1234 1000 1351 1086 allega-

252 1120 321 1167 tus:
347 1106 412 1168 Εῐτι
425 1105 500 1182 ὑμᾶς
518 1105 577 1185 χρὴ
592 1103 707 1185 ἀγαθὸν
722 1107 794 1182 ἐμοῦ
809 1104 1000 1185 ἐπαυρέσθαι.
1038 1104 1127 1168 Male
1140 1102 1226 1188 apud
1245 1104 1351 1188 Hesy-

250 1202 357 1267 chium
372 1202 487 1289 legitur
502 1204 696 1284 ἐπαύρασθαι,
713 1205 765 1268 sed
781 1204 985 1289 grammatici,
1001 1204 1123 1290 opinor,
1138 1203 1352 1290 potiusquam

250 1304 370 1369 librarii
385 1303 469 1367 vitio.
515 1306 614 1367 Recte
636 1307 807 1369 ἀπολαῦσαι
828 1306 1061 1392 interpretatur,
1079 1306 1132 1370 sed
1155 1322 1264 1391 postea
1284 1327 1352 1368 me-

251 1405 335 1470 diam
347 1405 480 1469 sormam
496 1405 611 1492 saepius
624 1407 790 1471 confundit
805 1430 876 1471 cum
891 1407 994 1471 activa
1011 1410 1159 1488 ἐπαυρεῖν,
1174 1429 1248 1492 quae
1262 1404 1353 1471 Atti-

252 1507 296 1570 cis
310 1530 372 1570 non
387 1507 513 1571 videtur
527 1506 559 1570 in
575 1531 634 1571 usu
650 1508 770 1572 fuisse·
791 1510 933 1572 Praesens
947 1522 994 1571 est
1009 1510 1233 1591 ἐπανρίσκομαι,
1250 1531 1353 1595 neque

252 1608 356 1696 ipsum
371 1609 402 1673 in
420 1609 600 1673 Atticorum
616 1609 738 1695 scriptis
752 1609 845 1673 hodie
859 1610 1015 1673 obvium.”

294 1729 351 1795 34.
375 1708 515 1794 φθέγξει]
539 1709 655 1797 φθέγξῃ
671 1710 753 1774 libri.
791 1712 908 1775 Forma
921 1712 1031 1776 Attica
1045 1712 1095 1775 hic
1109 1725 1141 1776 et
1154 1709 1228 1777 alibi
1240 1735 1260 1776 a
1274 1714 1353 1777 Por·

253 1834 329 1875 sono
343 1811 496 1875 restituta.

296 1932 348 2001 35.
365 1915 449 1998 νέον]
474 1912 740 1977 Immemorabiles
754 1936 926 1999 paucorum
944 1913 1095 1978 librorum
1110 1915 1257 1979 lectiones
1272 1915 1352 1989 νέου,

254 2016 331 2090 νέος,
349 2017 432 2083 νέως.
456 2017 494 2079 V.
509 2016 582 2100 389.
599 2020 639 2101 τῷ
656 2015 725 2079 νέον
741 2021 877 2079 θακοῦντι
890 2022 1070 2098 παγκρατεῖς
1085 2017 1179 2097 ἕδρας.

296 2121 349 2203 36.
366 2118 550 2201 κατοικτίζει]
570 2120 731 2202 κατοικτίζῃ
746 2115 829 2193 libri,
846 2117 903 2180 nisi
918 2117 1003 2201 quod
1018 2117 1089 2182 cod.
1107 2117 1196 2203 Lips.
1212 2121 1355 2182 κατοικτί-

254 2222 321 2297 ζεις,
337 2219 423 2306 quod
439 2219 553 2305 legitur
568 2220 704 2283 Eumen.
724 2237 796 2281 121.

295 2343 348 2408 39.
371 2322 527 2408 ξυγγενές]
547 2321 748 2385 Scribebatur
763 2320 918 2401 συγγενές.
955 2321 1095 2384 Atticam
1118 2321 1264 2400 formam,
1282 2322 1353 2385 ubi-

252 2449 377 2511 cunque
388 2426 419 2488 in
435 2424 572 2502 senariis,
588 2424 761 2498 trochaicis,
776 2438 808 2485 et
821 2423 1015 2509 anapaesticis
1031 2446 1088 2509 per
1102 2440 1238 2486 metrum
1253 2422 1355 2500 licuit,

253 2526 461 2614 reponendam
473 2524 633 2610 judicavi;
658 2524 689 2587 in
705 2522 820 2586 melicis
835 2523 921 2587 haud
936 2523 1019 2587 idem
1033 2526 1183 2588 facturus.
1219 2524 1259 2586 In
1275 2524 1353 2587 tiro-

253 2651 329 2691 num
345 2626 477 2710 gmtium
495 2625 597 2689 Photii
611 2624 729 2710 glossas
743 2623 926 2702 exscribam,
939 2626 1094 2705 Ξθμβαθιε
1112 2627 1258 2705 σύμβαθι.
1274 2627 1356 2692 ὅλας

254 2730 287 2791 δέ
309 2731 326 2790 ὁ
347 2730 394 2790 διὰ
414 2732 465 2789 τοΰ
487 2732 504 2804 ξ
526 2726 732 2808 σχηματισμὸς
755 2727 852 2791 κοινός
874 2729 939 2789 ἐστι
960 2732 1019 2790 τῶν
1040 2752 1073 2789 τε
1092 2725 1203 2789 Ἰώνων
1220 2727 1268 2791 καὶ
1294 2733 1356 2791 τῶν

253 2829 405 2891 Ἀττικῶν.
430 2828 510 2893 Ξύνε
537 2829 718 2905 Θουκυδίδης
735 2827 801 2890 ἀντὶ
826 2832 878 2889 τοῦ
901 2828 968 2890 σύν·
994 2829 1042 2890 καὶ
1065 2830 1103 2891 τὸ
1128 2830 1211 2892 ἄλλα
1235 2831 1355 2907 ὁμοίως·

254 2931 328 2992 οὕτω
356 2930 404 2991 καὶ
426 2931 455 2991 ol
479 2929 603 2991 παλαιοὶ
627 2927 745 2993 πάντες.
770 2928 944 2990 BLOMF.
990 2928 1040 2991 Sic
1068 2928 1161 2991 etiam
1193 2931 1356 2994 Potsonus

249 3028 457 3116 judicaverat,
481 3041 566 3091 recte
588 3026 639 3090 ille
665 3026 799 3090 sentiens
828 3027 942 3091 diserta
967 3029 1241 3113 grammaticorum
1266 3033 1355 3096 testi-

254 3129 359 3193 monia
380 3128 678 3214 inscriptionumque
700 3127 880 3191 Atticarum
903 3144 1043 3192 veterum
1064 3132 1209 3217 exempla
1229 3133 1357 3219 majoris

253 3254 320 3295 esse
340 3230 482 3294 facienda
504 3251 600 3315 quam
621 3228 749 3291 dubiam
771 3227 913 3292 codicum
935 3230 1162 3294 auctoritatem.
1207 3234 1357 3320 Antiqua

254 3333 409 3419 scriptura
424 3331 532 3395 Attica
547 3353 585 3394 ex
598 3327 849 3415 inscriptionibus
862 3329 987 3415 cognita
1001 3336 1112 3394 ΧΣΎΝ
1127 3332 1201 3409 suit,
1216 3357 1275 3420 pro
1290 3359 1357 3422 quo

253 3434 369 3499 librarii
383 3433 519 3498 centenis
533 3432 565 3495 in
580 3430 654 3494 locis
669 3432 726 3494 σύν
740 3444 912 3515 posuerunt
926 3453 1025 3515 quum
1042 3434 1094 3510 ξύν
1108 3432 1268 3500 deberent.

299 3536 332 3598 τὸ
355 3534 495 3614 ξυγγενές
517 3558 562 3596 τοι
584 3531 697 3617 δεινὸν]
718 3532 763 3594 Τὸ
787 3534 929 3611 ξυγγενές
948 3535 1006 3614 γὰρ
1028 3536 1126 3598 δεινόν
1145 3536 1259 3623 Eurip.
1282 3541 1356 3604 An.

255 3637 356 3701 drom.
373 3636 445 3719 985.
462 3631 611 3718 Apollon.
628 3634 734 3717 Tyan.
748 3634 810 3715 Ep.
823 3652 875 3712 44.
890 3656 909 3695 a
925 3633 1130 3698 Boissonadio
1143 3656 1356 3725 comparatus,

255 3736 325 3803 ἀλλ’
343 3736 408 3799 ἐστὶ
426 3733 484 3816 γάρ
506 3759 568 3799 πως
588 3733 622 3794 τὸ
637 3733 782 3812 συγγενὲς
796 3732 1039 3812 ἆκατααθφιστον
1054 3738 1102 3799 καὶ
1119 3742 1180 3802 πᾶν
1195 3742 1356 3823 ὰνακλητι·

256 3840 310 3906 κὸν
325 3841 413 3902 αὑτοῦ
428 3837 462 3898 τὸ
477 3837 594 3898 οἰκεῖον.

299 3962 351 4021 40·
368 3937 510 4024 ξύννομ’]
528 3933 619 4000 Libri
634 3929 777 4014 σύμφημ’·

298 4059 350 4117 41.
368 4039 407 4101 In
422 4037 509 4100 libris
525 4033 681 4100 nonnullis
695 4033 906 4120 interrogandi
921 4035 1044 4121 signum
1060 4050 1131 4123 post
1145 4043 1212 4106 οἶόν
1225 4069 1259 4108 τε
1274 4048 1360 4131 posi.

257 4157 336 4216 tum,
352 4146 412 4205 πῶς
426 4138 466 4201 ad
481 4137 642 4224 sequentia
656 4134 763 4200 relato.

298 4261 350 4323 42.
374 4242 424 4304 ἀεί
436 4240 626 4305 Brunckius.
658 4238 715 4301 αἰεὶ
737 4236 815 4300 libri.
862 4238 978 4301 Forma
993 4240 1102 4303 Attica
1121 4243 1213 4308 toties
1235 4267 1359 4315 servata

254 4345 295 4409 ab
316 4341 403 4406 libris
423 4341 548 4427 optimis
566 4355 729 4427 poetarum
745 4338 936 4413 Atticorum,
959 4353 994 4401 ut
1013 4340 1152 4407 dubitari
1175 4367 1237 4410 non
1257 4352 1358 4435 possit

255 4445 332 4533 quin
349 4441 465 4527 ubique
487 4443 526 4505 sit
543 4438 745 4504 restituenda.
790 4437 897 4502 Multa
910 4438 951 4502 de
965 4439 1023 4504 hac
1037 4445 1211 4527 quaestione
1229 4449 1358 4539 collegit
