2978 5062
247 337 313 402 906
612 334 988 398 ANNOTATIONES

375 505 490 587 Ἰσχίον
505 505 544 570 ὦς
560 503 676 582 ἐνόησε,
692 505 786 586 χαμαὶ
800 501 908 581 βάλεν,
926 503 991 568 εἶπέ
1004 527 1037 567 τε
1051 507 1155 581 μῦθον,

376 608 449 686 ὦμοι
464 607 533 688 ἐγὺ,
549 605 653 672 παῖδές
666 631 718 684 μοι
732 607 877 669 ὀνείδειον
892 602 952 668 τόδ’
966 604 1118 686 ἔπεμψαν,

377 711 474 791 εθχθω
490 709 531 772 Δὶ
545 711 673 787 βασιλῆι
689 709 737 770 καὶ
752 708 858 773 ἄλλοις
873 704 1049 770 ἀθανάτοισι

376 811 483 893 χερσὶν
496 806 543 873 ὑπ’
560 808 704 887 ἀλλήλων
719 808 923 887 καταβήμεναι
934 805 1039 874 Ἀἴδος
1054 811 1135 871 etro.

249 914 285 975 τδ
299 913 332 974 δέ
346 909 541 991 παραπλήσια
556 913 596 995 τῷ
612 911 741 995 ἐποποιῷ
757 910 805 973 καὶ
820 910 974 991 Αἰσχύλος
989 910 1022 972 ἐν
1040 914 1102 975 τοῖς
1124 910 1199 971 έπτδ
1221 908 1272 972 ἐπὶ
1287 909 1354 987 Θή

247 1019 329 1090 βαις.
374 1012 437 1089 Qui
453 1012 583 1075 sortasse
603 1010 679 1074 nihil
699 1009 834 1097 amplius
856 1009 958 1073 dicere
974 1008 1072 1073 voluit
1094 1031 1188 1095 quam
1209 1008 1355 1074 dirarum

246 1113 370 1179 illarum
386 1113 427 1177 ab
443 1112 597 1199 AEschylo
612 1112 799 1176 mentionem
815 1111 929 1175 factam
945 1132 1020 1175 esee.

292 1216 363 1299 789.
380 1219 428 1279 διδ
441 1217 511 1298 χερί
523 1216 690 1277 Pomanus.
714 1215 860 1297 διαχειρίη
873 1211 954 1276 libri.

292 1336 364 1404 790.
398 1316 485 1400 τρέω]
519 1318 645 1380 Tremo.
693 1314 831 1378 Verbum
860 1313 946 1400 apud
985 1314 1118 1400 tragiooe
1146 1313 1352 1392 rarissimum,

248 1433 457 1506 praeterquam
473 1417 505 1481 in
520 1418 643 1482 aoristo.
668 1416 740 1479 Vid.
757 1415 868 1479 Elmsl.
884 1417 924 1480 ad
939 1414 1104 1504 Aristoph.
1121 1416 1261 1480 Acheru.
1272 1436 1351 1500 490.

249 1521 317 1584 Vox
334 1520 451 1583 Dorion
465 1535 523 1598 est,
539 1536 616 1584 teste
632 1517 766 1582 Theone
782 1518 813 1581 in
831 1521 922 1581 Aret.
939 1542 972 1604 p.
987 1537 1020 1598 4.
1043 1519 1217 1583 BLOMF.

292 1639 363 1706 791.
388 1622 570 1709 καμψίπους]
587 1622 685 1685 Pedes
696 1623 841 1707 flectens.
861 1619 964 1684 Schol.
986 1622 1005 1699 ἡ
1027 1618 1202 1700 κάμπτουσα
1224 1627 1351 1695 κολαζο·

246 1722 345 1803 μένων
360 1724 428 1791 τοὺς
442 1722 544 1791 πόδας.
574 1723 656 1787 Satis
670 1723 825 1800 absurde3
849 1723 1039 1808 suffragante
1054 1736 1157 1787 tamen
1174 1719 1349 1807 Hesychio.

249 1826 504 1907 Καμπεσίγοννος.
525 1822 682 1906 ἡἘρινάς.
706 1826 765 1889 δπδ
779 1832 831 1889 τοῦ
847 1824 989 1904 κάμπτειν
1003 1828 1040 1888 τδ
1054 1822 1168 1905 γόνατα
1182 1828 1240 1886 τῶν
1255 1824 1351 1904 ὁμαρ-

248 1923 408 1991 τανάντων.
455 1928 555 2014 Lege,
588 1929 831 2009 Καμπεσίγουνος
856 1926 983 2008 Ἐρινύς.
1008 1952 1033 1989 κ.
1056 1951 1082 1988 τ.
1106 1934 1135 1988 λ.
1186 1923 1275 1988 Finis
1300 1939 1350 1988 est

248 2028 431 2104 hexametn',
446 2052 485 2092 ex
502 2029 708 2117 Euphorione
721 2029 838 2105 forsan,
854 2028 918 2093 sive
938 2026 1143 2114 Empedocle,
1163 2049 1217 2090 seu
1240 2027 1349 2112 potius

249 2131 460 2211 Onomacrito,
475 2132 669 2219 desumptus.
694 2135 793 2197 Recte
806 2133 1031 2218 interpretatur
1046 2128 1205 2193 Heathius
1213 2131 1347 2216 pernix.
1394 2137 1404 2177 ἲ

248 2235 422 2303 BLOMF.

290 2336 407 2418 Ἐρινύς
423 2338 474 2400 M.
495 2337 632 2417 Ἐριννθς
647 2336 754 2423 vulgo.

292 2456 364 2524 793.
381 2437 532 2525 δούλειον]
550 2442 670 2504 δούλιον
686 2441 728 2502 Ε.
746 2438 847 2501 Viteb.

293 2557 364 2628 794.
379 2540 545 2625 πέπτωκεν]
561 2540 714 2604 πέπτωκεν
730 2538 753 2603 δ’
771 2541 821 2603 Μ.

290 2646 424 2725 ὀβρίμων
438 2643 524 2706 Α.Β.
540 2642 655 2727 aliique
670 2658 700 2706 et
717 2642 800 2706 Rob.
824 2643 977 2722 δμβρίμων
994 2639 1068 2703 Atd.
1087 2641 1190 2703 Turn.

291 2762 363 2830 795.
381 2747 461 2829 εὐδίη
476 2745 523 2829 τε]
542 2745 623 2828 εὐδίη
635 2743 695 2806 ’στὶ
709 2742 924 2816 Blomfieidus,
940 2757 1023 2806 recte
1039 2743 1177 2805 fortasse.

291 2850 364 2930 796.
386 2847 511 2929 ἄντλον]
529 2846 708 2911 Sentinum.
757 2843 841 2908 Urbs
856 2866 917 2907 non
932 2843 973 2907 ad
988 2866 1101 2930 aquam
1122 2843 1342 2908 exantlandnm

247 2947 371 3011 redacta
386 2960 453 3019 νοις
478 2945 497 3009 i.
513 2969 541 3009 e.
558 2968 670 3032 aquam
688 2968 749 3009 non
765 2945 898 3009 admisit.
924 2947 997 3010 Hoc
1011 2945 1126 3010 rectius
1140 2945 1233 3009 oredo
1246 2969 1343 3032 quam

246 3071 317 3114 cum
334 3047 497 3112 scholiasta
511 3062 542 3112 et
557 3047 687 3112 Pauwio
702 3049 814 3112 ἄντλον
828 3070 886 3133 pro
905 3050 981 3128 ὕδωρ
1002 3046 1137 3133 positum
1160 3046 1344 3132 intelligere.

248 3150 310 3215 Sed
327 3150 398 3214 vide
416 3149 551 3237 interpp.
573 3149 613 3213 ad
629 3147 769 3235 Hesych.
785 3148 817 3212 in
833 3172 918 3225 voce,
934 3162 975 3226 et,
990 3171 1084 3234 quem
1105 3147 1213 3226 citant,
1229 3148 1344 3235 Euiip.

247 3253 479 3338 Hecub.1009.
503 3253 678 3316 BLOMF.

291 3356 362 3440 798.
379 3353 606 3438 ἐφραξάμεσθα]
626 3353 834 3419 scribendum
850 3353 1074 3435 ἐφαρξάμεσθα.
1098 3353 1137 3416 V.
1152 3351 1191 3416 ad
1208 3375 1237 3414 v.
1253 3354 1306 3437 63.

289 3471 363 3539 799.
380 3456 487 3540 καλῶς]
506 3453 530 3518 δ’
545 3453 669 3519 addunt
683 3453 801 3540 aliquot
817 3453 910 3517 codd.
925 3468 957 3518 et
972 3451 1057 3516 Rob.
1090 3451 1342 3538 Supersctiptum

247 3553 341 3619 habet
357 3558 408 3619 M.

290 3659 364 3722 800.
387 3658 602 3744 έβδομαγέτας]
619 3659 855 3723 Praeferendum
876 3657 1077 3739 ἑβδομαγέτης
1091 3679 1130 3719 ex
1149 3656 1219 3719 cod.
1236 3657 1342 3742 Mosq.

247 3782 358 3846 primo.

289 3861 506 3949 ἑβδομαγέτης]
529 3863 692 3948 Septimus
720 3863 798 3926 ιίιια.
834 3861 935 3926 Schol.
965 3863 1020 3925 τδν
1043 3858 1224 3925 Ἀπόλλωνα
1247 3861 1342 3941 λέγει,

246 3963 278 4031 δς
301 3966 334 4027 ἐν
357 3961 468 4043 ἑβδόμη
489 3963 583 4046 ἡμέρη
604 3969 656 4026 τοῦ
679 3964 771 4042 μηνὸς
793 3965 955 4045 γεννηθεὶς,
979 3963 1087 4043 ἐκλήθη
1109 3961 1343 4044 Ἕβδομαγέτας.

246 4065 386 4144 ΡτοαΙως,
401 4088 421 4129 α
437 4063 627 4152 Spanhemio
647 4064 760 4128 citatus
774 4063 815 4127 ad
832 4063 954 4129 Gallim.
972 4065 1044 4130 Del.
1060 4083 1130 4149 251.
1146 4064 1190 4128 nit
1205 4079 1345 4150 septena·

246 4167 326 4230 rium
351 4190 513 4232 numerum
537 4188 733 4230 communem
755 4167 881 4231 Baccho
902 4185 934 4232 et
946 4166 1088 4254 Apollini
1103 4168 1209 4242 fuisse,
1232 4168 1276 4230 διὸ
1297 4168 1345 4229 καὶ

244 4266 472 4351 Ἑβδομαγέταν
493 4267 621 4334 ἐκάλουν
640 4270 692 4332 τδν
707 4268 800 4342 Θεδν,
818 4271 865 4333 καὶ
880 4271 933 4348 τὴν
949 4267 1080 4350 ἑβδόμην
1094 4275 1147 4334 τοῦ
1161 4274 1243 4333 Θεοῦ
1261 4272 1345 4347 ἱερὰν

246 4369 363 4449 ἐλεγον.
396 4368 496 4433 Schol.
528 4369 693 4456 Aristoph·
725 4369 810 4435 Plut.
840 4387 932 4454 1127.
964 4369 1089 4436 ἑκάστου
1119 4375 1177 4452 γὰρ
1204 4370 1296 4448 μηνὸς
1324 4370 1343 4447 ἡ

246 4470 387 4549 νουμηνία
407 4471 454 4532 καὶ
473 4471 491 4548 ἡ
513 4469 626 4550 ἑβδόμη
649 4472 807 4551 δφιεροῦτο
827 4477 867 4557 τῷ
884 4472 1067 4538 Ἀπόλλωνι.
1112 4469 1227 4535 Nescio
1241 4492 1282 4534 an
1298 4472 1340 4533 le-
