2978 5062
544 360 612 423 AD
637 360 828 424 PERSAS.
1175 359 1239 425 tot

183 548 235 595 ιν.
258 528 453 613 Μεγαβάζης]
477 528 660 610 Μεταβάτης
683 531 731 595 Μ.
752 528 834 594 Ald.
869 528 1054 612 Μεγαβάτης
1076 531 1117 592 Ν.
1134 523 1238 594 Vitab.

140 632 244 697 Ceteri
261 630 451 714 Μεγαβάζης.
497 634 586 696 Inter
604 633 799 698 nauticarum
823 632 983 720 copiarum
1005 632 1171 719 proefeotos
1191 654 1240 696 re·

139 749 283 799 oensetur
298 733 482 816 Μεγάβαζος
502 738 519 799 ὁ
539 736 740 819 Μεγαβατέω,
758 735 914 799 Herodot.
930 750 959 815 7.
975 749 1028 818 97.
1043 734 1130 820 quod
1151 747 1240 798 nota·

141 836 186 901 vit
213 837 378 901 Stanleius.
413 837 486 900 Vid.
510 837 591 902 infra
611 840 685 923 983.
708 837 885 902 BLOMF.
930 836 994 913 Qui
1019 851 1101 899 recte
1124 837 1241 924 recepit

142 938 336 1021 Μεγαβάτης.
381 942 494 1026 Neque
508 941 631 1005 obstare
642 940 768 1004 videtur
782 939 910 1026 syllabae
925 939 1025 1004 tertiat
1041 960 1197 1004 mansura.

184 1039 367 1126 Ἀστάσπης]
395 1045 452 1106 An
473 1041 556 1106 idern
579 1043 635 1129 qui
659 1041 825 1107 Herodoto
849 1057 881 1123 7,
899 1043 952 1124 64.
973 1039 1157 1121 Ὑστάσπης,
1173 1041 1242 1106 dux

142 1143 339 1207 Bactriorum
364 1159 396 1208 et
421 1146 595 1208 Sacarum?
630 1147 797 1209 STANL.
843 1144 946 1209 Codd.
968 1143 1088 1230 aliquot
1110 1158 1142 1207 et
1162 1142 1242 1208 Ald.

144 1246 228 1309 Rob.
249 1244 403 1325 Ἀστάπης
419 1246 494 1311 vitio
515 1246 688 1311 manifesto.
726 1247 921 1313 Vocabulum
936 1271 1008 1336 αιρ,
1023 1246 1110 1330 quod
1130 1246 1163 1310 in
1182 1247 1243 1310 boo

144 1346 274 1434 aliisque
293 1347 473 1413 nominibus
494 1349 627 1414 Persicis
648 1349 835 1428 continetur,
850 1373 967 1436 equum
987 1349 1019 1413 in
1042 1349 1151 1437 lingua
1166 1352 1244 1412 Per-

145 1472 248 1514 sarum
263 1450 436 1536 signifioare
451 1465 581 1515 constat.

190 1572 240 1631 24.
255 1557 389 1633 βασιλῆς
398 1555 552 1633 βασιλέως
566 1553 686 1640 ὕποχοι]
709 1555 874 1617 Persarum
897 1551 1116 1640 imperatorem
1139 1552 1245 1640 plures

146 1676 234 1740 reges
255 1653 313 1717 sibi
329 1653 472 1718 subditos
485 1655 630 1720 babuisse
652 1678 744 1719 nemo
755 1654 851 1719 nescit
865 1654 999 1743 ideoque
1014 1657 1141 1722 titulum
1156 1659 1246 1745 reg-is

145 1777 260 1843 regunt
282 1756 341 1820 sibi
355 1756 553 1832 vindicabam
575 1759 620 1823 ita
639 1759 670 1822 in
690 1758 890 1844 inscriptione
912 1760 1106 1824 monumenti
1122 1761 1245 1845 Cyrum

144 1857 336 1946 appellatum
352 1871 484 1924 testatur
499 1860 613 1925 Strabo
631 1881 679 1946 15.
693 1882 725 1946 p.
742 1879 815 1946 730.
831 1883 871 1923 ex
885 1861 1069 1940 Onesicrito,

275 1958 394 2023 ’Evado’
411 1963 470 2042 tyb
485 1968 582 2040 κεῖμαι
596 1967 693 2044 Κῦρον
705 1964 853 2042 βασιλεὺς
866 1964 1037 2043 βασιλήων.

147 2065 199 2127 Ita
214 2086 247 2126 se
260 2062 400 2127 nominat
414 2067 609 2128 Artaxerxes
624 2063 655 2128 in
670 2065 801 2151 epistola
814 2065 855 2129 ad
871 2065 1021 2143 Esdram,
1037 2064 1151 2129 Esdrae
1168 2084 1197 2141 1,
1215 2079 1247 2147 7.

192 2268 340 2351 βασιλῆς]
356 2272 499 2346 βασιλεῖς
512 2266 632 2354 aliquot
646 2267 738 2332 codd.
753 2282 785 2332 et
801 2267 878 2332 Ald.
894 2268 980 2333 Rob.

195 2371 247 2435 28.
270 2370 428 2450 εὐτλήμονι
442 2372 582 2435 Α.Β.Μ.
597 2370 720 2457 aliique.
747 2373 782 2434 ἐν
796 2370 923 2451 τλήμονι
937 2370 1017 2434 Ald.
1034 2370 1137 2433 Turn.
1160 2371 1250 2450 ἀτλη-

151 2497 221 2553 μονι
235 2472 321 2537 Rob.

197 2591 247 2658 29.
270 2571 474 2655 Ἀρτεμβάρης
494 2573 700 2662 penultimam
719 2575 866 2661 producit
888 2598 920 2640 v.
936 2592 1010 2661 971.
1030 2575 1158 2663 corripit
1177 2599 1252 2641 vero

154 2699 185 2741 v.
201 2697 274 2762 302.
298 2677 474 2741 BLOMF.

196 2801 250 2866 30.
275 2780 464 2864 Μασίστρης]
487 2779 586 2844 Redit
609 2779 668 2844 hoo
687 2802 800 2845 nomen
820 2803 852 2844 v.
879 2797 953 2865 970.
975 2780 1028 2844 ubi
1049 2778 1121 2843 libri
1142 2777 1254 2865 optimi

155 2885 345 2964 Μασίστρας.
382 2884 540 2962 Μασίστης
563 2904 676 2945 nomen
700 2885 806 2946 Persae
824 2883 912 2970 apud
935 2882 1135 2947 Herodotum
1154 2897 1184 2963 7,
1200 2881 1253 2947 82.

156 3007 188 3071 9,
204 3002 275 3068 107.
292 3005 363 3069 113.
380 3001 413 3048 et
427 2988 598 3052 Μασίστιος
614 3000 645 3066 7,
662 3002 712 3070 79.
729 3005 761 3071 9,
778 3003 828 3050 20.
844 3001 876 3050 et
892 3005 944 3066 24.
968 2986 1031 3063 Qui
1047 3009 1101 3050 sex
1115 2984 1254 3048 locorum

154 3109 321 3151 consensus
335 3086 410 3150 facit
426 3101 461 3150 ut
476 3085 630 3173 AEscbylo
646 3110 774 3173 quoquc
795 3087 963 3173 utrobique
985 3088 1146 3165 Μασίστης
1168 3083 1256 3150 resti-

156 3192 307 3255 tuendum
323 3210 474 3252 censeam.

199 3313 251 3376 31.
279 3288 485 3372 Φαρανδάκης]
507 3292 564 3352 An
585 3289 641 3373 qui
664 3287 830 3352 Herodoto
854 3304 886 3370 7,
910 3305 960 3372 79.
985 3290 1177 3370 Φαρενδάτης
1198 3290 1255 3375 qui

157 3391 305 3455 Moribus
319 3406 350 3454 et
366 3389 492 3455 Colchis
511 3393 666 3476 praeerat?
691 3391 858 3453 STANL.
904 3391 1097 3470 Φαρανδάκης
1118 3390 1254 3477 penulti-

158 3516 239 3556 mam
255 3493 383 3579 corripit
397 3515 428 3554 v.
446 3506 517 3576 957.
542 3491 717 3554 BLOMF.

201 3614 254 3680 32,
271 3593 295 3657 r'
310 3617 371 3658 om.
387 3608 451 3658 tres
464 3593 555 3657 codd.
570 3607 602 3657 et
616 3592 694 3657 Ald.
712 3593 817 3655 Turn.

202 3697 377 3785 Σοσθάνης]
395 3700 420 3761 θ’
432 3695 593 3777 Σοσθάνης
608 3694 684 3759 Ald.
698 3694 782 3758 unde
797 3695 845 3757 καὶ
859 3692 1021 3774 Σοσθάνης
1034 3694 1257 3782 interpolatum

157 3802 189 3865 in
207 3803 311 3864 Turn.
348 3801 526 3864 Paucorum
548 3797 689 3863 codicum
712 3795 898 3883 corruptelae
919 3810 993 3861 sunt
1015 3796 1167 3877 σοσθάνης
1188 3823 1260 3862 σου·

160 3903 272 3982 σθάνης
286 3902 440 3982 σωσθένης
454 3904 611 3981 σοσθάνης.

202 4025 255 4091 33.
278 4005 401 4089 Νεῖλος]
416 4005 566 4090 Magnus
586 4002 774 4090 appellatur,
790 4000 865 4088 quia
886 4002 995 4066 ceteris
1015 4001 1136 4088 longior
1158 4001 1260 4067 multo

159 4123 190 4171 et
205 4107 357 4194 copiosior
370 4105 443 4183 fuit,
459 4127 554 4191 quam
569 4106 612 4169 ob
625 4127 749 4170 causam
766 4127 848 4190 soepe
861 4105 954 4168 etiam
969 4127 1040 4168 curn
1057 4104 1098 4168 de
1112 4105 1260 4192 AEgypto

160 4208 276 4294 agitur,
293 4206 353 4272 κατ’
372 4207 479 4289 ἐξοχὴν
494 4209 653 4271 vocaturo
668 4210 806 4287 ποταμός.
830 4205 1056 4288 πολυθρέμμων,
1069 4208 1261 4294 almasa-

162 4311 239 4387 θιὶσ,
254 4308 398 4396 Epitheti
413 4307 564 4371 rationem
585 4307 691 4372 reddit
713 4309 827 4373 Strabo
841 4326 892 4393 15.
908 4331 940 4395 p.
953 4310 1027 4393 695.
1043 4310 1091 4373 καὶ
1104 4315 1220 4375 Νεῖλον
1234 4309 1259 4375 δ’

163 4411 239 4475 εἶναι
260 4413 385 4493 γόνιμον
404 4415 523 4490 μᾶλλον
547 4410 665 4491 ἑτέρων,
687 4412 736 4479 καὶ
759 4414 937 4494 μεγαλοφνῆ
958 4417 1070 4493 γεννᾶν
1092 4413 1141 4478 καὶ
1160 4414 1261 4478 τάλλα

164 4517 212 4581 καὶ
231 4518 268 4579 τὰ
288 4515 428 4597 ἀμφίβια·
452 4511 504 4581 τάς
524 4538 557 4580 τε
576 4519 717 4595 γυναῖκας
739 4511 803 4578 ἔσθ’
824 4515 875 4578 ὅτε
896 4514 945 4577 καὶ
964 4513 1129 4597 τετράθνμα
1152 4517 1262 4580 τίκτειν
