2978 5062
241 354 284 416 48
602 349 982 413 ANNOTA'PIONES

287 537 358 601 219.
382 518 430 605 δὲ]
446 541 479 580 τε
494 531 644 602 quattuor
658 516 789 580 codices.
828 518 880 579 Ex
904 515 1033 581 totidem
1050 515 1210 580 codicibus
1231 523 1346 595 μελαμ-

241 619 339 698 βοθής
361 618 551 682 restitutum.
595 617 741 682 Aliorum
764 619 914 682 librorum
935 618 1122 706 corruptela
1144 633 1217 681 sunt
1231 626 1346 697 μελαμ

242 721 349 800 βαθὺς,
375 718 462 804 quod
492 734 539 783 eat
569 719 600 783 in
625 721 729 784 Turn.
753 720 875 806 steph„
907 721 1109 800 μελεμβοθὴς,
1140 719 1344 799 μελεμβαθδς.

243 821 454 902 μελαμβαθὴς,
470 821 679 903 attenderis·
714 912 717 917 ,
958 911 960 914 ⁴

285 922 442 1003 Ταρτάρου
455 923 653 1001 μελαμβαθὴς
667 925 802 1002 κευθμὼν
817 925 970 1008 καλύπτει]
998 925 1098 987 Recte
1120 920 1277 986 Stanleius
1291 920 1347 984 ob-

244 1040 345 1089 servat
367 1039 508 1087 nostrum
533 1026 675 1088 Homero
693 1023 844 1100 assentiri,
858 1024 914 1110 qui
930 1024 1062 1088 Titanas
1084 1023 1157 1088 item
1181 1023 1211 1086 in
1228 1025 1346 1086 Tarta-

243 1149 314 1190 rum
338 1124 475 1210 dejectos
493 1148 559 1188 esse
582 1124 723 1211 perhibet
749 1123 855 1205 (Iliad.
880 1131 921 1202 Θ,
940 1126 1028 1207 480.)
1069 1124 1132 1189 Sed
1155 1122 1347 1210 praeiverunt

244 1250 372 1314 quoque
397 1226 558 1292 Hesiodus
575 1227 714 1313 (Theog.
733 1250 760 1291 v.
778 1229 839 1309 716
855 1231 951 1312 sqq.)‚
967 1242 999 1291 et
1013 1225 1246 1314 quodammodo
1270 1224 1346 1288 Pin-

244 1329 341 1393 darus
359 1328 468 1416 (Pyth.
496 1349 524 1406 1,
549 1333 628 1413 29.).
657 1328 852 1410 μελαμβαθὺς
878 1327 1055 1414 appellatur
1078 1329 1244 1402 Tartarus,
1271 1325 1348 1411 quia

246 1430 338 1494 simul
353 1446 385 1494 et
400 1429 577 1516 profundus
590 1443 623 1494 et
639 1430 848 1495 tenebricosus
861 1445 919 1493 est.
956 1431 1115 1493 Homerus
1129 1429 1151 1493 l.
1166 1428 1188 1493 l.

504 1563 541 1628 ἵν’
556 1564 690 1633 Ἰαπετός
703 1591 735 1630 τε
752 1568 866 1648 Κρόνος
880 1591 922 1642 τε,

331 1670 445 1747 ἥμενοι,
461 1666 520 1731 οὔτ’
537 1668 628 1748 αὐγῆς
641 1665 816 1750 Ὑπερίονος
829 1668 954 1747 ἠελίοιο,

333 1767 466 1849 τέρποντ’
482 1766 540 1832 οὔτ’
557 1767 705 1849 ἀνέμοισι,
719 1770 815 1848 βαθὺς
829 1767 861 1832 δέ
876 1794 910 1833 τε
923 1767 1077 1851 Τάρταρος
1092 1770 1194 1851 ἀμφίς.
1244 1771 1346 1834 SCH.

271 1976 275 1983 ·
291 1957 365 2022 223.
389 1934 586 2020 ἐξημείψατο]
610 1936 814 2016 ἀντημείψατο
835 1933 958 1998 codices
973 1934 1101 1999 Arund.
1117 1951 1149 2000 et
1164 1936 1348 2023 Cantabrig.

248 2037 412 2114 secundus,
433 2036 520 2123 quod
548 2034 660 2123 recepi.
698 2034 872 2120 AEsohylus
898 2038 985 2123 Sept.
1011 2056 1102 2120 1049.
1127 2039 1232 2101 παθὸν
1254 2044 1349 2106 κακῶς

249 2145 383 2205 κακοῖσιν
406 2140 610 2217 ἀντημείβετο.
646 2136 790 2224 Choeplr.
815 2157 886 2202 121.
908 2137 963 2202 τὸν
985 2138 1095 2223 ἐχθρὸν
1116 2141 1350 2221 ἀνταμείβεσθαι

250 2248 357 2309 κακοῖς.
382 2241 555 2305 BLOMF.
594 2239 688 2303 Verbi
705 2241 918 2320 ἐξαμείβεσθαι
936 2239 995 2303 hoc
1010 2262 1102 2304 sensu
1116 2239 1191 2305 dicti
1206 2241 1350 2328 exempla

248 2343 478 2409 desideramus:
504 2357 541 2406 ut
556 2358 639 2406 recte
653 2357 812 2428 receptum
829 2341 973 2405 videatur
988 2343 1201 2424 ἀντημκίψατο.

295 2448 368 2511 226.
391 2443 526 2530 ἐρωτᾶτ’]
543 2443 647 2509 codd.
664 2443 785 2529 aliquot
799 2441 927 2524 ἐρωτᾶτέ
940 2442 969 2524 μ’
984 2467 1055 2508 cum
1072 2443 1149 2508 Ald.
1165 2442 1212 2507 val
1229 2440 1348 2524 ἐρωτᾶτ’

251 2547 294 2628 ἐμ’
310 2569 381 2611 curn
399 2545 484 2609 Rob.

295 2667 368 2732 230.
401 2647 622 2729 διεστοιχίζετο]
656 2644 845 2730 Hesychius,
879 2649 1105 2729 διεστοιχίζετοε
1144 2648 1285 2710 διετίθετο
1316 2647 1351 2708 ἐν

250 2752 362 2832 στοίχῳ
385 2750 434 2812 καὶ
454 2747 545 2826 τάξει·
566 2745 666 2828 διῄρει.
690 2746 748 2810 ἀπὸ
767 2753 826 2810 τῶν
840 2750 884 2815 εἰς
904 2749 972 2815 τοὺς
987 2749 1094 2827 σηκοὺς
1115 2749 1299 2828 εἰσαγόντων
1312 2751 1351 2811 τδ
1404 2804 1407 2810 .

250 2853 381 2930 ποίμνια,
398 2850 446 2914 καὶ
461 2850 670 2928 διακρινόντων
685 2850 717 2911 ἐκ
732 2852 783 2926 τῆς
798 2853 888 2929 νομῆς
902 2848 1016 2934 ἐκόστῳ
1031 2853 1068 2914 τδ
1082 2854 1152 2914 ίδια.

293 2969 366 3035 233.
382 2951 519 3033 φιτῦσαι]
539 2949 625 3014 Libri
641 2949 769 3034 quidam
786 2954 940 3032 diurnium,
956 2950 1007 3013 alii
1024 2954 1164 3030 φυτῆσαι.

295 3071 367 3137 234.
396 3049 510 3136 τοῖσιν]
543 3052 615 3113 11110
640 3049 755 3114 τοισίδ’.
797 3051 919 3115 Passim
949 3066 1170 3138 permutantur
1197 3055 1295 3113 τοῖσιν
1318 3063 1351 3112 et

251 3152 367 3217 τοισίδ’.
390 3151 503 3237 Eurip.
517 3151 608 3214 Med.
622 3171 712 3235 1294.
724 3150 790 3233 'Ap'
804 3155 837 3216 ἐν
852 3155 986 3233 δόμοισιν
999 3154 1018 3232 ἡ
1032 3156 1069 3216 τδ
1083 3140 1154 3216 δείν’
1170 3148 1352 3233 εἰργασμένη

252 3255 370 3333 Μήδεια
391 3253 506 3330 τοισιδ’,
522 3252 540 3333 ἢ
554 3251 737 3333 μεθέστηκεν
752 3258 853 3335 dvm
879 3253 932 3317 ubi
954 3260 1053 3317 τοῖσιν
1074 3252 1191 3316 habent
1209 3253 1353 3316 Lascan's

252 3372 284 3420 et
298 3355 417 3434 Aldus,
433 3356 535 3419 τοῖσδέ
556 3353 583 3437 γ’
601 3353 693 3418 codd.
711 3370 746 3418 ut
760 3353 896 3432 videtur,
912 3353 1061 3417 meliores.
1107 3354 1198 3418 Idem
1222 3354 1352 3419 Heracl.

256 3460 325 3538 146.
341 3456 397 3521 ’Ev
411 3455 515 3520 τοισίδ’
532 3458 630 3522 αὐτοῖς
651 3463 750 3519 τοῖσιν
773 3456 903 3535 ίοταμεν
922 3457 1036 3536 λόγοις.
1082 3454 1301 3529 Scribendum,
1319 3459 1354 3519 ἐν

252 3566 350 3623 τοῖσιν
364 3559 463 3623 αὐτοῖς
477 3557 582 3620 τοισιδ
600 3572 634 3620 ut
650 3557 736 3641 apud
752 3556 848 3641 Soph.
864 3558 945 3620 Ant.
962 3558 1055 3637 1076.
1071 3554 1127 3621 Ἐν
1141 3564 1239 3621 τοῖσιν
1253 3558 1355 3623 αὐτοῖς

252 3663 354 3723 τοῖσδε
368 3663 520 3740 ληφθῆναι
543 3664 649 3724 κακοῖς.
674 3658 789 3720 ELM.
835 3659 934 3721 Recte
948 3656 1129 3736 ElmsleiuS‚
1144 3658 1236 3744 cujus
1249 3681 1354 3722 exem-

254 3759 314 3847 plis
335 3758 416 3822 adde
438 3758 552 3843 Eurip.
570 3757 670 3845 Hipp.
686 3778 761 3836 400.
782 3777 874 3843 1393.
890 3758 1011 3822 Alcest.
1032 3778 1101 3842 199.
1126 3759 1200 3845 Iph.
1218 3760 1262 3822 T.
1280 3778 1352 3843 747.

254 3863 367 3927 Eidem
392 3858 503 3946 Suppl.
528 3876 602 3940 207.
629 3859 702 3940 πρὸς
728 3862 761 3923 δέ
788 3866 888 3925 τοῖσδε
910 3861 1045 3925 restituit
1069 3861 1275 3927 Blomfieldur
1296 3885 1355 3949 pro

253 3964 326 4044 πρὸς
341 3966 374 4026 δέ
389 3969 477 4026 τοῖσι.

299 4082 373 4148 235.
396 4062 420 4126 δ’
444 4061 585 4142 ἐτόλμησ’
608 4063 645 4125 F.
680 4065 713 4127 δέ
734 4067 859 4146 τόλμησ’
877 4065 928 4128 Μ.
969 4063 1189 4129 Recentiorum
1210 4065 1353 4130 codicum

254 4162 510 4251 interpolationes
532 4179 605 4227 sunt
628 4167 660 4228 δέ
683 4168 803 4247 τόλμης,
818 4167 905 4252 quod
919 4182 966 4230 eat
983 4167 1014 4229 in
1031 4166 1107 4230 Ald.
1124 4167 1219 4241 Rob.,
1235 4170 1268 4232 δέ
1283 4177 1355 4231 τολ-

252 4271 318 4346 μῆς,
341 4264 428 4352 quod
453 4265 547 4330 habet
570 4268 687 4344 Turn,
710 4266 734 4331 δ’
754 4270 771 4330 ό
789 4273 909 4347 τολμῆς,
933 4265 957 4331 δ’
978 4270 995 4331 δ
1013 4270 1133 4348 τόλμης.
1173 4268 1354 4345 Scholiasta,

254 4370 333 4434 τινές
348 4367 414 4430 ἀντὶ
432 4372 485 4429 τοῦ
507 4368 567 4448 ἐγὼ
581 4365 606 4429 δ’
621 4369 784 4448 ἐτόλμησα,
801 4370 848 4431 καὶ
870 4370 903 4433 τὸ
926 4371 993 4447 dhis
1014 4373 1088 4448 μετά
1110 4370 1207 4449 ἤθους.
1234 4373 1357 4436 δόναται

254 4471 303 4535 καὶ
316 4470 426 4546 τολμῆς
440 4467 528 4544 εἶναι,
542 4470 581 4534 ὸς
594 4466 706 4547 τιμήεις
721 4473 817 4548 τιμῆς.
