2978 5062
482 317 551 379 An
574 315 933 380 PROMETHEUM.
990 304 992 309 ’
1214 311 1257 377 61

159 482 263 568 ςιορλ.
276 484 339 551 Αυ.
360 495 453 563 1717.
467 497 497 545 et
512 481 544 544 in
557 479 726 566 Hermippi
742 478 862 545 Comici
873 479 986 565 fragm.
998 502 1049 566 ap
1062 479 1152 544 Suid.
1165 501 1196 544 τ.
1207 482 1257 545 ἀν-

159 584 246 648 θέων.
259 585 391 650 Λεπτοδς
406 584 608 665 διαψαίρουσα
622 580 755 648 πέπλους
769 580 885 645 ἀνθέων
899 581 1061 662 Γέμσντας.
1082 583 1256 646 BLOMF.

200 707 242 771 39
244 706 276 769 5.
293 684 503 767 τετρασκελὴς]
518 687 535 746 ὁ
550 683 750 763 τετρασκελὴς
763 681 829 745 duo
842 681 936 746 codd.

200 804 382 871 397-424
407 787 523 848 Versus
543 784 573 846 in
596 783 669 848 edd.
685 799 760 848 vett.
775 784 818 847 sic
833 782 936 862 divisi,
951 783 1093 847 στένιο-
1110 782 1118 868 Ι
1136 788 1255 864 δακρυσ.

158 924 203 941 -··
220 887 227 973 Ι
244 890 372 969 ῥαδινῶν
385 922 429 939 --
447 885 453 971 Ι
472 887 581 951 νοτίοις
597 921 640 933 -
658 884 663 969 Ι
681 883 752 948 τάδε
767 922 809 934 -
828 883 833 969 Ι
851 883 1045 964 ὑπερήφανον
1057 920 1102 934 -
1120 885 1126 969 Ι
1144 887 1257 967 αίχμάν

157 1025 202 1039 -
220 989 226 1074 Ι
244 987 400 1051 λέλακε-
418 984 424 1072 Ι
442 989 661 1068 χαιοπρεπῆ-
678 982 685 1070 Ι
703 983 897 1064 μαιμύνων-
915 983 922 1071 Ι
941 988 1083 1066 ἀγνάς-
1100 985 1106 1070 Ι
1123 992 1256 1066 μεγαλο-

160 1089 296 1153 στόνοισι
309 1124 352 1139 -
370 1086 377 1175 Ι
396 1087 600 1168 συγκάμνουσι
615 1123 656 1137 ·-
674 1087 682 1172 Ι
701 1089 849 1168 Κολχίδος
861 1122 907 1136 -·
924 1085 930 1171 Ι
947 1086 1100 1168 μάχας-
1118 1085 1126 1173 Ι
1142 1086 1172 1149 ol
1201 1091 1257 1167 γᾶς

158 1226 203 1240 -
221 1193 228 1276 Ι
247 1190 403 1272 ἔχουσι-
422 1186 427 1273 Ι
445 1189 684 1268 ύψίκρημνον-
702 1187 708 1271 Ι
726 1186 873 1253 πέλας-
891 1185 897 1272 Ι
916 1187 1111 1266 ύξυπρύροισι
1135 1185 1257 1267 βρέμων

159 1294 194 1354 έν
210 1294 340 1372 αἰχμαῖς.
1026 1278 1039 1289 ⁸

203 1409 278 1477 397.
296 1388 591 1455 Versuslonicusu
609 1388 615 1474 Ι
633 1377 763 1455 lun
781 1390 788 1475 Ι
806 1387 936 1457 uolo
955 1390 961 1476 Ι
979 1390 1114 1454 Lon.

201 1495 275 1578 398.
292 1493 546 1572 δακρυσίστακτον
561 1491 584 1554 δ’
601 1490 650 1555 ἀπ’
666 1492 784 1577 ὅσσων]
801 1494 890 1558 Huic
904 1493 1013 1558 formoe

416 1636 438 1674 0
452 1641 474 1673 υ
487 1647 509 1656 -
523 1646 545 1657 -
589 1620 611 1663 -'
625 1645 646 1673 υ
660 1647 681 1659 -
695 1648 728 1684 -,

159 1713 190 1775 in
214 1735 277 1798 qus
299 1710 427 1799 dipodia
452 1709 608 1775 trochaica
636 1734 695 1798 pro
722 1712 831 1777 lonioo
856 1712 959 1800 posita
983 1723 1041 1788 est,
1063 1709 1201 1797 legitima
1224 1709 1256 1773 iu

160 1813 356 1900 antistropho
367 1813 468 1877 formu
483 1812 650 1898 respondet

415 1959 437 1991 υ
451 1966 473 1994 υ
485 1925 508 1982 «1
521 1969 543 1978 -
562 1928 568 2016 Ι
599 1960 620 1994 υ
635 1965 657 1995 υ
670 1967 692 1977 -
710 1969 742 1994 -.

162 2029 309 2096 Similiter
323 2032 551 2119 Aristophanes
566 2034 648 2098 Run.
662 2053 736 2119 329.
752 2051 825 2118 330.

287 2145 355 2226 περὶ
369 2145 451 2224 κρατὶ
466 2145 510 2230 σῷ
523 2146 656 2225 βρύοντα

288 2239 442 2323 στέφανον
455 2243 580 2323 μύρτων·
604 2247 713 2323 θρασεῖ
724 2241 748 2304 δ’
766 2244 1041 2323 έγκατακρούων-.

165 2368 276 2452 =346·
291 2383 364 2452 ιιι·

288 2480 482 2542 ἀποσείονται
496 2481 529 2542 δὲ
544 2480 639 2546 λύπας

287 2581 426 2662 χρονίους
439 2579 465 2642 τ’
482 2583 558 2644 ἐτῶν
569 2587 706 2646 παλαιῶν
721 2583 880 2647 ἐνιαυτούς.

203 2705 341 2789 ῥαδινόν]
356 2705 479 2787 ῥαδινὸν
492 2704 571 2771 Ald.
588 2706 674 2770 Rob.
688 2722 721 2773 et
736 2706 828 2771 codd.
847 2705 999 2782 nonnulli,
1015 2727 1076 2769 non
1093 2706 1142 2768 M.

204 2807 368 2886 λειβομένα
384 2808 473 2870 metri
486 2806 602 2872 indicio
616 2823 698 2872 recte
712 2808 827 2872 delevit
843 2807 1010 2873 Heathius.

203 2929 277 2988 401.
293 2909 415 2994 νοτίοις]
429 2912 540 2977 νοτίαις
555 2912 659 2974 Τυτυ.

205 3011 322 3095 ἔτεγξα]
346 3011 552 3076 Scribeudum
569 3012 670 3093 ἔτεγξε
683 3034 755 3076 cum
772 3012 922 3088 Heronio,
938 3011 1030 3098 cujus
1049 3009 1258 3096 oonjecturom

160 3111 355 3177 oonfirmavit
378 3115 422 3176 A.
466 3112 605 3178 Primam
631 3136 806 3200 personum,
830 3114 953 3200 adjecto
982 3111 1134 3199 superiori
1157 3113 1259 3177 versui

160 3215 336 3294 λειβομένα,
353 3221 445 3279 vetus
466 3213 612 3279 librarius
633 3215 759 3280 videtur
780 3215 930 3301 posuisse,
946 3237 1041 3300 quem
1056 3229 1178 3278 mutata
1194 3237 1261 3279 oro-

163 3315 254 3382 tionis
268 3315 369 3379 forma
383 3315 572 3381 offendisset.

205 3417 328 3501 παγαῖς]
342 3423 451 3498 πηγαῖς
467 3418 517 3482 Μ.
533 3417 657 3503 aliique.

206 3518 292 3603 Ζεὺς]
317 3518 392 3586 zen
415 3518 439 3582 δ’
463 3519 548 3583 Rob.
571 3518 823 3604 interpunctione
844 3534 916 3604 post
940 3517 1010 3582 τάδε
1035 3517 1155 3604 posite:
1179 3533 1261 3582 recte

162 3621 302 3684 fortasse.
350 3617 497 3686 Similiter
512 3619 646 3684 Vindob.
663 3619 821 3685 secundus
834 3620 987 3703 ἀμέγαρτα
1001 3623 1058 3702 γὰρ
1073 3620 1152 3686 τάδε.
1188 3621 1261 3688 Ζεύς

163 3725 220 3804 γὰρ
234 3722 317 3789 ίδίοις
332 3746 360 3785 ν.
376 3747 419 3802 κρ.

204 3841 277 3907 403.
295 3821 457 3906 κρατύνων]
472 3824 608 3902 κρατύνει
622 3822 758 3887 Vindob.
773 3823 894 3909 primus
908 3839 939 3887 et
954 3823 1074 3887 tertius.

204 3943 279 4004 404.
296 3928 393 3987 θεοῖσι
407 3930 487 3988 τοῖσι
500 3922 594 4004 πάρος
608 3925 757 3989 δείκνυσιν
773 3924 904 3987 Porsoni
918 3923 1015 3988 editio
1028 3947 1067 3987 ex
1081 3924 1260 4009 conjecture

163 4025 304 4090 Heathii.
350 4025 557 4090 Scribendum
574 4047 637 4089 uno
653 4048 743 4088 versu
766 4027 849 4092 ἰδίοις
870 4026 971 4104 νόμοις
993 4025 1142 4105 κρατύνων
1156 4028 1262 4107 ὑπερή-

162 4135 264 4207 φανον
277 4130 356 4193 θεοῖς
373 4132 436 4193 τοῖς
456 4125 550 4206 πάρος
573 4128 756 4190 ἐνδείκνυσιν
772 4125 894 4207 αἰχμάν,
911 4140 943 4188 et
957 4125 1001 4188 sic
1016 4126 1112 4188 L.M.
1127 4128 1186 4189 Ar.
1202 4126 1261 4190 nisi

163 4226 250 4311 quod
272 4226 305 4289 in
329 4225 380 4289 M.
394 4226 512 4290 librarii
526 4249 629 4290 errore
649 4229 828 4292 ἐνδεικνύειν
843 4227 993 4312 scriptum
1009 4241 1066 4292 est.
1111 4227 1261 4313 Reliquo-

163 4351 232 4390 rum
256 4327 406 4391 librorum
429 4327 481 4391 alii
504 4333 583 4394 θεοῖς
603 4334 665 4394 τοῖς
686 4328 778 4409 πάρος
793 4331 953 4405 δείκνυσιν,
967 4328 1053 4414 quod
1069 4343 1116 4393 est
1129 4328 1160 4392 in
1178 4330 1214 4392 B.
1231 4346 1262 4394 et

155 4429 265 4509 Rob.,
287 4428 445 4510 ιιΙὶίύεοῖς
465 4434 528 4495 τοῖς
551 4428 644 4509 πάρος
669 4431 804 4507 δεικνύει,
833 4429 882 4495 vel
908 4436 988 4499 θεοῖς
1011 4438 1073 4499 τοῖς
1095 4430 1188 4511 πάρος
1213 4434 1261 4495 έν-
