2978 5062
192 332 257 401 100
554 335 930 401 ANNOTATIONES

192 502 347 589 scripture
368 507 513 582 ΠΕΔΟΙ,
536 527 631 591 quam
654 528 713 591 pro
733 505 812 590 πέδῳ
834 520 1020 592 aeceperunt
1042 504 1171 582 librarii,
1190 510 1293 592 quum

192 612 278 679 πέδοι
292 613 453 701 significet.
488 615 539 679 Sic
553 614 637 680 πέδοι
652 618 685 680 δὲ
699 621 795 696 βᾶσαι
809 615 890 680 dixit
904 614 1077 703 AEschylus
1092 616 1201 679 Prom.
1219 631 1294 697 272,

193 732 255 778 non
271 715 351 800 πέδῳ
365 717 399 779 δὲ
411 722 519 796 βᾶσαι.

237 831 255 898 7
257 831 311 901 50.
327 817 455 898 εἰσάπαξ
469 819 574 882 Turn.
594 820 640 885 εἰς
653 818 731 897 ἅπαξ
747 820 798 883 Μ.
814 817 930 904 aliique
944 832 976 882 et
990 816 1065 883 Ald.
1084 817 1171 882 Rob.

237 933 309 1002 754.
324 918 362 998 ήν
376 917 430 1004 ἂν]
445 919 485 984 δν
497 919 537 1000 ήν
550 918 670 1006 aliquot
684 920 776 984 codd.
798 920 835 999 ήν
849 945 899 998 μοι
915 919 998 984 Rob.

236 1031 275 1102 75
276 1034 309 1103 5.
323 1018 390 1105 μοι]
406 1019 441 1084 τὸ
456 1020 540 1087 Rob.
561 1045 612 1100 μοι
626 1042 689 1084 om.
706 1019 841 1084 Vindob.
855 1019 931 1086 duo.

236 1135 253 1201 7
256 1121 311 1205 56.
328 1120 451 1206 ἐκπέσῃ]
467 1121 589 1186 ἐκπέσοι
602 1119 724 1207 aliquot
736 1120 827 1186 oodd.

236 1237 362 1306 757-7
366 1238 418 1308 59.
442 1222 492 1286 loi
513 1222 658 1288 tribuunt
678 1221 759 1286 libri.
804 1221 951 1286 Correxit
972 1222 1138 1288 Dewesius
1155 1223 1292 1289 Miscell.

192 1345 224 1408 p.
242 1324 315 1402 284.

236 1425 309 1508 758.
331 1422 420 1512 ἥδοι’]
443 1424 537 1504 ήδαιμ’
559 1425 639 1489 libri.
661 1424 734 1505 ἥδοι’
753 1425 935 1490 Dswesius:
957 1437 1054 1511 atque
1075 1422 1109 1489 id
1131 1425 1234 1512 ipsum
1257 1426 1290 1490 in

192 1525 261 1591 ood.
282 1525 386 1590 Viteb.
409 1526 560 1612 scn'ptum
582 1539 640 1603 est,
662 1549 734 1591 casu
758 1526 874 1613 potius,
895 1540 931 1592 ut
952 1525 1075 1612 opinor,
1092 1548 1188 1612 quam
1210 1527 1291 1591 enti-

190 1627 308 1714 quioris
328 1625 398 1691 libri
417 1629 572 1714 exemplo,
589 1643 625 1692 ut
639 1651 678 1693 ex
693 1652 731 1693 eo
744 1626 847 1714 colligi
861 1642 975 1714 potest,
991 1628 1078 1715 quod
1093 1628 1144 1693 hic
1160 1652 1290 1717 quoque

190 1728 288 1793 codex
304 1751 431 1816 pravam
446 1744 548 1795 servat
562 1752 763 1817 pemonsrum
779 1730 1028 1818 descriptionem.

234 1847 308 1916 759.
323 1829 348 1895 δ’
362 1854 424 1898 om.
443 1832 486 1897 N.

233 1932 342 2019 κακῶς]
358 1935 433 1999 κακά
448 1935 489 1999 L.
501 1934 584 1999 Rob.

233 2038 306 2116 760.
322 2061 372 2099 σοι
384 2034 507 2121 μαθεῖν]
522 2041 629 2115 μαθεῖν
645 2061 695 2099 σοι
707 2035 828 2121 aliquot
842 2034 933 2100 codd.
948 2048 980 2099 et
995 2035 1072 2099 Ald.
1089 2036 1176 2101 Rob.

234 2138 305 2218 762.
322 2137 410 2205 αὐτὸς
423 2137 497 2218 πρὸς
510 2137 616 2224 αὐτοῦ]
631 2136 704 2217 πρὸς
718 2136 806 2203 αὐτὸς
819 2138 909 2199 αὑτοῦ
923 2138 972 2199 Μ.
984 2151 1016 2200 et
1030 2152 1094 2202 tres
1107 2137 1171 2215 elii,
1186 2140 1287 2203 mule:

190 2237 338 2325 Sophocl.
353 2239 434 2306 OEd.
449 2240 492 2302 T.
507 2255 599 2324 1237.
616 2239 688 2317 αὐτή
702 2238 775 2320 πρὸς
787 2239 885 2316 αὐτῆς.
904 2237 997 2323 Ajac.
1014 2240 1089 2322 906.
1104 2238 1193 2308 αὐτὸς
1211 2240 1288 2321 πρὸς

189 2341 287 2403 αὑτοῦ.
324 2340 434 2427 Antig.
459 2359 552 2424 1174
577 2339 665 2406 αὐτὸς
688 2339 762 2421 πρὸς
787 2342 887 2413 αὑτοῦ,
913 2340 1002 2422 πατρὶ
1027 2343 1154 2420 μηνίσας
1179 2343 1287 2422 φόνον.

190 2442 365 2507 BLOMF.
410 2441 525 2505 Malim
554 2463 626 2505 cum
656 2440 757 2504 tribus
784 2438 944 2504 codicibus
969 2441 1043 2522 πρὸς
1071 2441 1158 2508 αὐτὸς
1186 2443 1287 2516 αὑτοῦ.

190 2542 241 2606 Sic
263 2541 345 2606 infra
358 2562 431 2626 919.
455 2548 547 2607 Τοΐον
569 2542 739 2620 παλαιστὴν
761 2545 814 2605 νῦν
835 2542 1088 2622 παρασκευάζεται
1108 2539 1175 2605 Ἐπ’
1198 2543 1289 2612 αι’πὸς

187 2645 278 2729 αὐτῷ.
321 2643 387 2707 Ubi
403 2643 489 2709 αὐτὸς
504 2644 548 2706 ἐπ’
564 2644 641 2727 αι’πῷ
655 2641 744 2706 dedit
759 2640 971 2707 Robortellus.
986 2645 1103 2729 Agsm.
1118 2645 1194 2728 845.
1213 2651 1288 2712 Τοῖς

187 2741 213 2808 τ’
236 2744 323 2811 αὐτὸς
344 2744 433 2807 αιἰτοῦ
454 2743 587 2824 πήμασιν
606 2745 777 2825 βαρύνεται.
801 2745 899 2832 Soph.
914 2745 994 2810 OEd.
1010 2744 1081 2811 Col.
1097 2763 1170 2830 929.
1194 2745 1238 2809 Σὺ
1260 2745 1285 2810 δ’

188 2845 275 2922 ἀξίαν
289 2845 342 2908 οὐκ
355 2845 452 2908 οὖσαν
466 2845 616 2927 οἰσχύνεις
629 2845 721 2908 πόλιν
736 2845 802 2923 Τὴν
823 2844 911 2912 αὐτὸς
931 2847 1030 2911 αὑτοῦ.
1053 2846 1171 2910 ELM.
1215 2848 1285 2910 Ex·

188 2944 299 3030 emplis
313 2944 354 3009 ab
368 2943 519 3008 Elmsleio
533 2942 633 3008 allatis
647 2965 709 3007 non
724 2944 861 3010 multum
882 2945 1024 3025 efficitur,
1039 2968 1141 3035 quum
1157 2946 1190 3009 in
1210 2946 1289 3011 locis

188 3043 249 3109 illis
262 3044 407 3109 omnibus
420 3064 591 3131 pronomen
612 3056 742 3130 propter
763 3045 853 3107 metri
876 3044 1087 3110 necessitatem
1110 3046 1150 3109 sit
1171 3046 1286 3132 trejec-

188 3160 269 3225 tum,
285 3169 358 3233 quae
373 3146 459 3210 nulls
477 3159 525 3210 est
540 3145 572 3209 in
593 3145 653 3209 hoc
674 3143 753 3209 loco.
797 3146 1007 3223 Quamobrem
1029 3146 1216 3211 servandum
1238 3149 1287 3212 vi-

188 3249 282 3314 detur
296 3249 385 3317 αδπδς
397 3248 470 3330 πρὸς
483 3249 584 3325 αὑτοῦ,
600 3245 657 3311 nisi
670 3245 743 3332 quis
755 3259 880 3333 poetam
899 3248 973 3328 πρὸς
991 3249 1078 3316 alsede
1099 3250 1190 3313 αὑτοῦ
1210 3273 1285 3337 pro.

188 3367 297 3441 pterea
310 3349 482 3438 praetulisse
494 3364 616 3415 censeat
632 3364 667 3413 ut
681 3348 755 3430 πρὸς
767 3348 800 3411 in
813 3346 903 3412 initio
917 3371 1024 3413 versus
1037 3349 1174 3436 positum
1194 3373 1287 3416 socu-

190 3454 288 3520 rstius
303 3452 502 3540 responderet
518 3449 704 3538 praecedenti
716 3451 806 3530 πρόςι
830 3450 917 3536 quod
931 3449 1008 3514 mibi
1022 3450 1113 3516 valde
1125 3451 1286 3519 infirmum

190 3570 410 3644 argumentum
426 3554 560 3619 videtur.

233 3659 337 3742 αὑτοῦ]
355 3657 444 3721 αὐτοῦ
458 3654 537 3719 Ald.
551 3653 635 3718 Rob.

234 3764 307 3846 763.
322 3785 353 3823 π.
369 3785 395 3822 r.
411 3755 560 3842 σήμηνον]
576 3753 710 3834 σήμηνον
723 3777 756 3815 π.
772 3776 797 3814 τ.
812 3752 889 3816 Ald.
907 3750 989 3815 Rob.

236 3864 310 3945 764.
324 3859 472 3943 τοιοῦτον]
488 3855 567 3921 τόνδ’
583 3854 667 3919 Rob.
907 3902 911 3907 -

235 3966 310 4045 766.
325 3963 415 4044 ῥητὸν
429 3960 575 4024 αιἰδᾶσθαι
587 3955 674 4042 πόδε]
690 3954 791 4018 Simili
806 3953 985 4041 pleonasmo
999 3955 1147 4043 Orpbeus
1160 3960 1286 4047 Argon.

190 4065 264 4149 926.
281 4063 386 4148 (931.)
409 4063 444 4126 οὗ
465 4059 563 4140 φατὸν
579 4060 685 4133 εἰπεῖν,
704 4070 736 4121 et
751 4055 916 4142 Aristopb.
932 4058 998 4122 Av.
1013 4072 1106 4143 1715.
1127 4059 1164 4122 οὗ
1185 4063 1288 4143 φατὸν

190 4164 302 4244 λέγειν.
317 4185 391 4248 quoe
409 4159 552 4246 exemplu
570 4172 791 4246 compererunt
809 4159 1012 4222 Hermennus
1025 4157 1065 4222 ad
1081 4182 1207 4224 vernum
1221 4164 1286 4227 Or.

191 4265 318 4352 pbicum
340 4277 372 4327 et
389 4260 538 4327 Scbaefer.
552 4259 592 4323 ed
609 4256 770 4345 Sophoclis
784 4255 918 4323 Philoct.
934 4260 1006 4339 847.
1052 4260 1286 4347 corrigendum

188 4384 293 4433 eutem
308 4367 376 4429 πόδε
390 4387 430 4427 ex
447 4366 495 4427 M.
510 4378 541 4427 et
552 4375 671 4447 septem
684 4358 752 4422 eliis
765 4356 924 4422 codicibus
936 4375 969 4424 et
983 4361 1067 4424 Rob.
1113 4364 1197 4426 Nem
1212 4365 1286 4432 τάδε

190 4472 214 4535 si
235 4465 404 4552 scripsisset
419 4461 603 4549 AEscbylus,
617 4481 679 4523 non
694 4460 785 4539 ῥητὸν
798 4458 901 4523 dicere
916 4461 1063 4536 debelmt,
1076 4463 1132 4527 sed
1145 4467 1285 4550 generali
