2978 5062
603 353 671 416 AD
694 352 884 417 PERSAS.
1229 351 1295 424 269

236 519 386 601 ναυβάτης
407 520 500 586 Β.Μ.
522 520 606 586 Rob.
639 521 787 609 Plerique
812 521 941 602 υαυάτης
959 543 1031 586 cum
1057 522 1182 588 Turn:
1206 522 1294 610 quod

190 619 339 708 frequens
353 620 494 686 codicum
510 622 620 688 vitium
632 639 690 702 est,
707 623 748 688 de
762 646 827 711 quo
842 623 909 689 dixi
923 623 955 689 in
972 626 1094 690 Annot.
1109 623 1151 688 ad
1170 626 1293 714 Sopho·

190 720 268 787 clem
283 745 317 809 p.
334 725 406 808 298.
423 739 454 788 et
468 744 543 811 337.
577 727 684 806 υαύτης
697 725 776 792 Ald.

234 825 307 911 378.
338 827 434 906 κάπης
463 827 547 906 άναξ,
572 826 594 891 i.
614 850 642 893 e.
667 849 783 894 remen.
823 835 845 868 “
856 827 1072 915 Reprehendit
1103 826 1291 915 Euripidem

191 926 377 992 Aristoteles
398 927 457 992 hac
479 929 586 1016 phrasi
601 952 705 1010 usum,
718 953 756 995 ae
770 930 795 994 si
811 929 915 994 minus
929 946 1008 994 esset
1022 928 1143 1008 decora,
1160 930 1291 995 Rhetor.

191 1049 225 1115 3,
241 1048 271 1095 2.
287 1031 332 1094 Τὸ
348 1033 390 1105 δὲ,
407 1032 446 1098 ὥς
461 1033 478 1095 ά
492 1030 634 1113 Τήλεφος
656 1033 815 1114 Εὐριπίδου
829 1034 916 1115 φησὶ,
932 1034 1032 1100 κάπας
1053 1031 1181 1097 ἀνάσσει
1203 1034 1294 1096 κάπο-

190 1134 251 1211 βδς
273 1134 316 1199 είς
336 1135 468 1212 Μυσίαν,
485 1133 626 1216 ἀπρεπές,
645 1136 692 1199 ὅτι
712 1136 816 1216 μεῖζον
837 1136 872 1199 τδ
890 1134 1039 1199 ἀνάσσειν
1058 1131 1077 1214 ἣ
1100 1131 1161 1198 κατ’
1177 1133 1294 1214 oblau?

194 1234 361 1299 STANL.

234 1350 310 1421 379.
324 1334 362 1422 θ’]
378 1335 402 1400 δ’
419 1337 469 1401 Μ.
484 1349 516 1400 et
530 1336 740 1425 superscripto
754 1337 781 1402 θ’
796 1339 836 1403 Β.

234 1438 339 1503 δπλων
359 1437 518 1518 ἐπιστάτης
531 1437 718 1525 interpretor
731 1439 772 1504 de
786 1438 885 1504 milite
898 1438 1071 1515 classiari03
1095 1462 1167 1504 nam
1182 1462 1293 1528 quem·

191 1539 363 1606 admodum
385 1540 518 1627 remiges
540 1541 750 1628 metaphorice
771 1565 927 1608 remorum
946 1546 1072 1612 ἄνακτες
1092 1545 1293 1634 appellaban-

193 1656 257 1723 tur,
271 1643 314 1709 sic
329 1643 441 1708 milites
455 1665 618 1708 armorum
626 1646 785 1730 praefecti.
810 1646 910 1711 SCH.

235 1747 312 1831 382.
335 1747 384 1810 καὶ
397 1745 555 1831 πάννυχοι]
577 1746 733 1810 Herodot.
749 1748 778 1824 8,
794 1748 847 1829 76.
871 1749 971 1816 luctet
992 1753 1025 1814 δὲ
1045 1754 1115 1833 σιγῇ
1134 1756 1237 1830 ταῦτα,
1253 1753 1293 1821 ὣς

191 1846 233 1928 μὴ
253 1851 452 1912 πυνθανοίατο
473 1850 503 1912 οῖ
524 1850 664 1913 ἐναντίοι.
686 1851 716 1912 οῖ
737 1851 794 1928 μὶν
818 1851 854 1928 δὴ
875 1858 968 1916 ταῦτα
992 1853 1045 1933 τῆς
1068 1856 1181 1929 υυκτδς,
1205 1855 1293 1921 οὐδὲν

193 1949 451 2032 ἀποκοιμηθέντες,
466 1949 679 2032 παραρτέοντο.
706 1951 873 2015 STANL.
903 1952 1047 2019 διάπλοον
1061 1954 1093 2019 h.
1105 1953 1126 2020 l.
1139 1956 1292 2043 adjective

193 2069 344 2131 sumtum,
354 2052 779 2140 signifieatuavigundosine
787 2055 970 2119 remissione
979 2058 1144 2121 intentum.
1168 2059 1292 2146 Nempe

192 2153 319 2219 navium
342 2153 438 2219 duces
459 2176 583 2219 omnem
605 2154 759 2241 populum
782 2153 942 2219 nauticum
965 2178 1022 2244 per
1048 2171 1145 2222 totam
1169 2175 1290 2224 noctem

192 2256 369 2323 ministeriis
389 2256 554 2322 navalibus
574 2279 701 2344 operam
721 2256 796 2321 dare
812 2256 980 2344 jubebunt.
1006 2259 1108 2324 SCH.
1146 2259 1292 2328 διάπλουν

235 2463 309 2550 383.
326 2464 417 2550 ναῶν]
433 2469 512 2543 νηῦυ
526 2465 632 2528 Tum.

234 2566 309 2652 386.
331 2563 523 2633 λευκόπωλος
543 2564 649 2651 ἡμέρα]
673 2564 830 2629 Stanleius
850 2563 971 2629 confert
989 2563 1219 2652 Τῖιεοατὶι.13,
1238 2587 1288 2631 11.

192 2667 263 2734 Οὐδ’
278 2670 334 2734 άκα
348 2672 369 2734 δ
382 2670 544 2736 λεύκιππος
557 2667 715 2752 ἀνατρέχει
731 2669 761 2734 ἐς
773 2667 848 2736 Διὸς
865 2670 933 2737 ἀοίς.
957 2667 1069 2755 Eurip.
1083 2668 1203 2733 Ττοιιά.
1216 2669 1289 2750 848.

191 2770 237 2836 Τά
250 2774 343 2836 τῖισδε
356 2769 555 2853 λευκοπτέρου
568 2767 697 2853 Ἁμέρας
710 2772 805 2852 φίλον
818 2778 940 2854 βροτοῖς
953 2771 1078 2855 φέγγος.
1103 2771 1279 2837 BLOMF.

235 2874 309 2960 388.
325 2874 406 2960 ήχοῆ
421 2874 480 2962 ήχή
495 2871 602 2961 vulgo,
618 2873 676 2938 nisi
690 2873 778 2961 quod
791 2875 863 2959 ήχεῖ
874 2897 945 2940 cum
962 2873 1088 2939 duobus
1101 2873 1193 2939 codd.
1205 2875 1289 2940 Rob.

193 2974 280 3040 Vera
300 2975 454 3063 scriptura
473 2976 553 3060 ήχαῖ,
573 2998 668 3063 quam
689 2999 728 3040 ex
751 2977 930 3065 conjectura
950 2976 1128 3042 restituerat
1150 2976 1289 3043 Pierson.

191 3078 233 3144 ad
248 3080 344 3143 Moer.
359 3101 391 3166 p.
408 3081 480 3160 176,
495 3089 644 3143 annotata
658 3077 690 3142 in
705 3079 744 3142 B.

234 3184 309 3270 389.
325 3181 509 3267 εὐφήμησεν]
526 3179 732 3245 scribendum
747 3181 924 3264 ηὐφήμησεν
937 3204 1009 3247 cum
1026 3182 1199 3248 Brunckio.

234 3305 308 3373 392.
324 3285 359 3348 οὐ
373 3287 431 3366 γάρ
446 3282 497 3368 ὥς]
512 3284 581 3347 οὐδὲ
595 3286 653 3365 γάρ
668 3285 707 3350 ὣς
721 3286 756 3347 ἐν
771 3284 837 3347 duo
850 3283 943 3348 codd.
959 3297 991 3347 et
1006 3283 1085 3348 Ald.

234 3387 329 3475 φυγη]
344 3392 454 3469 φυγεῖν
466 3385 551 3450 Rob.

234 3490 309 3576 396.
324 3485 424 3573 εὐθὺς]
441 3487 507 3551 ἐπεὶ
522 3485 612 3572 pauci
627 3484 718 3550 codd.
733 3508 805 3550 cum
821 3485 899 3551 Ald.
919 3486 1023 3550 Turn.

234 3606 309 3676 397.
330 3589 459 3654 ἔπαισαν
477 3587 588 3673 άλμην]
609 3588 731 3652 Eadem
753 3588 851 3653 verba
869 3589 900 3653 in
924 3588 1100 3655 narratione
1114 3588 1216 3654 nuntii
1237 3613 1289 3678 ap.

192 3691 308 3779 Eurip.
326 3690 400 3777 Iph.
417 3692 460 3754 Τ.
479 3709 572 3777 1391.
592 3689 624 3754 in
643 3713 708 3777 qua
730 3690 879 3755 nonnulla
898 3715 964 3757 esse
977 3715 1051 3780 quae
1065 3714 1103 3756 ex
1119 3691 1291 3781 AEschylea

190 3794 287 3859 ducta
301 3792 466 3858 videantur
480 3793 521 3857 ab
537 3792 677 3858 Seidlero
691 3805 738 3858 est
753 3793 963 3860 observatum.

234 3895 445 3981 κελεύσματος]
462 3896 640 3976 κελεύματος
655 3897 706 3960 Μ.
724 3897 830 3983 Mosq.
843 3895 946 3961 Viteb.

232 3997 308 4084 398.
324 3998 476 4083 ἐκφανεῖς]
493 3998 636 4080 ἐμφανεῖς
650 3997 769 4085 aliquot
784 3996 877 4062 codd.
893 4011 925 4062 et
939 3998 1023 4063 Rob.

233 4118 308 4184 399.
331 4099 475 4167 εὐτάκτοις
498 4101 548 4165 Μ.
565 4113 598 4164 et
612 4123 666 4165 sex
680 4099 743 4164 alii.
782 4099 931 4186 Plerique
953 4102 1094 4166 εὔτακτον
1111 4121 1183 4165 cum
1204 4100 1291 4167 Rob.

191 4202 297 4268 Turn.
336 4201 479 4268 εὐτάκτου
508 4202 582 4286 (sic)
613 4201 692 4268 Ald.
729 4203 879 4286 εὐστόχως
907 4202 973 4267 duo
1001 4201 1093 4268 codd.
1136 4204 1200 4267 Per
1227 4201 1290 4284 μετ’

191 4304 326 4384 εὐταξίας
339 4304 476 4390 explicat
488 4303 659 4370 scholiasta

233 4424 308 4487 401.
340 4408 517 4490 ἐπεξεχώρει
545 4407 686 4472 Α.Β.Μ.
711 4420 744 4470 ει
771 4421 889 4494 septem
918 4405 972 4471 alii
999 4428 1072 4471 eum
1103 4405 1179 4472 Ald.
1204 4407 1290 4474 Rob.

192 4508 296 4574 Turn.
333 4508 474 4597 Reliqui,
490 4524 527 4576 ut
540 4508 675 4590 videtur,
689 4509 870 4594 ὐπεξεχιίρει
882 4530 956 4574 cum
971 4508 1100 4598 Steph.¹
