2978 5062
258 332 280 398 6
669 334 937 398 PRAEFATIO.

258 506 393 576 Eadem
411 529 492 596 quae
517 504 641 586 Baffio,
658 505 758 595 cujus
775 503 985 598 Catalogum
1010 506 1167 575 nondum
1185 506 1350 584 videram,

257 619 345 689 mihi
370 643 510 711 quoque
535 620 572 688 in
601 626 760 687 mentem
785 622 883 689 venit
909 621 1077 712 suspicio:
1103 621 1262 691 codicem
1286 624 1353 690 sci·

257 734 343 804 licet
367 735 476 827 ipsius
501 732 657 803 Triclinii
686 755 793 802 manu
819 744 1004 806 exaratum
1029 757 1115 804 esse.
1167 734 1233 804 Est
1256 735 1349 804 enim

257 850 369 921 nitido
403 861 440 921 ot
473 850 660 920 emendate
693 850 853 940 scriptus,
887 860 929 921 ut
963 852 1141 921 eruditum
1171 851 1350 920 librarium

257 988 433 1060 agnoscas.
485 965 584 1035 Bene
614 971 838 1035 conservatus
868 974 932 1046 est,
966 974 1092 1056 prater
1124 966 1237 1056 prima
1266 963 1352 1032 Pro-

256 1081 391 1152 methei
408 1079 501 1163 folia,
519 1103 595 1172 quae
612 1080 787 1148 tinearum
804 1080 977 1150 momibus
994 1090 1031 1150 et
1048 1080 1260 1149 humiditate
1278 1078 1351 1148 fero

257 1205 443 1266 consumta
459 1205 552 1265 sunt.
601 1192 705 1263 Licet
721 1193 927 1284 AEschylum
943 1217 1014 1263 non
1027 1195 1093 1263 nisi
1111 1217 1131 1263 e
1149 1196 1351 1264 recensione

257 1311 413 1381 Triclinii
439 1309 540 1379 nobis
557 1308 735 1390 exhibeat,
752 1309 929 1377 immerito
945 1315 1067 1377 tamen
1091 1306 1275 1399 neglectus
1297 1317 1350 1377 est

257 1448 280 1494 a
306 1424 478 1504 Victoria,
505 1423 565 1515 qui
595 1429 670 1492 tam
699 1423 736 1491 in
766 1421 1036 1515 Agamemnone
1065 1444 1171 1512 quam
1204 1422 1241 1489 in
1274 1421 1352 1490 aliis

257 1537 386 1609 fabulis
410 1537 541 1607 multas
568 1537 737 1607 lectiones
766 1535 917 1628 vulgatis
944 1534 1106 1605 meliores
1129 1557 1174 1604 ex
1200 1559 1242 1605 eo
1272 1560 1352 1627 pro-

258 1653 348 1723 ferre
365 1654 548 1745 potuisset.
579 1651 737 1735 Quarum
754 1674 862 1721 unam
878 1659 986 1740 atque
1001 1648 1149 1718 alteram
1165 1672 1349 1742 apponam.

258 1766 302 1836 In
329 1767 541 1837 Prometheo
567 1765 674 1859 vulgo
699 1764 850 1858 legimus
874 1787 907 1832 v.
926 1769 999 1834 886.
1012 1755 1063 1833 Ἦ
1088 1760 1230 1851 <topici
1256 1762 1351 1852 σοφὸς

257 1876 302 1966 ἦν,
322 1876 329 1978 Ι
352 1877 384 1960 ‘dc
400 1888 511 1974 πρῶτος
530 1877 679 1974 ἓνηνῶμμ
695 1876 754 1949 τίδ’
772 1878 945 1961 ἐβάστασε,
962 1909 992 1948 κ.
1005 1911 1035 1950 τ.
1048 1893 1077 1947 λ.
1111 1879 1259 1949 Rectius
1275 1880 1350 1949 Tri-

258 1995 402 2066 clinius:
420 1987 470 2064 Ἦ
488 1990 596 2081 codic,
614 1990 632 2080 ἦ
651 1989 756 2082 codic,
772 1988 806 2070 θς
821 1998 933 2086 πρῶτος
954 1990 1013 2063 καθ’
1031 1993 1202 2076 ἐβάστασε,
1220 2025 1248 2063 κ.
1266 2026 1296 2064 τ.
1316 2011 1348 2064 λ.

257 2111 379 2181 Tacite
395 2111 538 2203 quidem
556 2110 688 2181 delevit
698 2104 750 2194 ἦνι
777 2107 822 2179 de
839 2107 868 2179 ἐν
883 2107 987 2201 γνώμᾳ
1005 2131 1087 2178 vero
1103 2108 1178 2177 haec
1191 2110 1349 2178 monuit:

256 2220 399 2319 περισσθν
415 2220 589 2311 ’ἦν-ἐνταῦθα
613 2220 648 2294 ri
666 2223 694 2295 ἓν
709 2221 822 2318 γνῶμρι.
848 2219 881 2309 ἦν
901 2220 972 2317 γὰρ,
988 2219 1022 2301 ‘df
1046 2229 1157 2316 πρῶτος
1183 2221 1211 2292 ἓν
1235 2221 1350 2316 γνώμην.

257 2336 301 2410 td
319 2338 468 2428 ἐξεβλήθη
483 2336 552 2434 παρ’
570 2337 652 2430 ἐμοῦ.
691 2336 788 2430 ὅμοιον
802 2337 863 2433 γὰρ
884 2337 945 2432 χρὴ
969 2331 1040 2408 εἶναι
1066 2332 1100 2406 ri
1120 2343 1213 2406 κῶλιν
1229 2344 1270 2431 τῷ
1295 2345 1351 2423 τῆς

257 2451 467 2549 ἀντιστρόφου.
519 2455 767 2545 conjecturam
784 2454 882 2523 vides
898 2476 971 2522 non
993 2453 1098 2545 longe
1115 2452 1287 2522 diversam
1305 2454 1349 2523 ab

257 2592 309 2652 oa,
340 2592 445 2661 quam
479 2568 578 2637 dedit
613 2567 785 2637 Monkius
812 2567 976 2636 Censura
1008 2567 1217 2650 Trimestris,
1251 2567 1291 2636 Τ.
1317 2589 1348 2659 5.

257 2707 291 2776 p.
310 2691 383 2754 226.
402 2682 548 2752 Rectius
565 2689 685 2753 tamen
703 2681 894 2752 Monkius:
920 2678 952 2760 θς
971 2678 1075 2776 γνθμρ
1097 2680 1158 2752 ταδ’
1176 2683 1348 2765 ἐβάστασε.

256 2796 424 2866 Alterum
465 2788 664 2889 sagacitatis
706 2795 909 2890 exemplum
951 2798 1050 2867 dedit
1081 2797 1266 2868 Triclinius
1304 2801 1349 2868 ad

257 2908 366 2981 Theb.
386 2917 459 3002 890.
483 2910 607 2982 Verba
622 2908 715 2982 οὐκέτ’
734 2907 782 2980 ἐπὶ
798 2909 901 3006 φιλίᾳ,
917 2909 989 2981 ἀλλ’
1007 2906 1055 2983 ἐπὶ
1077 2909 1155 3008 φθνρν
1177 2909 1349 3006 διεκρίθητε,

257 3027 384 3118 quibus
409 3026 497 3096 nihil
514 3036 569 3097 est
591 3027 627 3096 in
653 3026 872 3119 antistropho
890 3027 983 3118 quod
1008 3028 1226 3118 respondeat,
1246 3026 1350 3096 Stan-

257 3139 327 3211 leio
356 3140 503 3232 aliisque
532 3141 733 3212 auctoribus
760 3144 906 3212 tandem
936 3142 1067 3213 delevit
1095 3140 1348 3212 Blomfieldius.

258 3253 421 3326 Dalanda
445 3254 534 3325 vidit
559 3256 668 3325 etiam
693 3257 887 3337 Triclinius,
911 3257 1011 3349 cujus
1036 3258 1143 3327 verba
1168 3266 1269 3327 sunt:
1295 3287 1350 3327 τε-

256 3365 360 3465 ρισσθν
384 3365 419 3456 ἦν
435 3367 559 3440 ἐνταῦθα
574 3364 609 3439 vd
626 3368 720 3442 οὐκέτ’
738 3367 786 3443 ἐπὶ
808 3368 902 3465 φιλίᾳ
917 3369 991 3441 ἀλλ’
1009 3363 1058 3441 ivi
1074 3369 1152 3468 φθνρν
1177 3370 1348 3466 διεκρίθητε,

256 3480 308 3555 καὶ
324 3483 451 3579 ἄμετρον
466 3481 518 3554 καὶ
534 3480 726 3570 κιινθλεκτιν,
740 3481 783 3556 td
800 3482 851 3556 nai
865 3485 1013 3572 ἐξεβλήθη
1029 3482 1096 3580 παρ’
1111 3485 1192 3575 ἐμοῦ.
1221 3486 1349 3557 Multoe

257 3607 340 3671 sunt
356 3600 431 3689 ejus
448 3601 656 3690 conjectura
673 3601 727 3671 his
744 3625 816 3671 non
833 3601 1043 3672 deteriores:
1069 3601 1191 3670 multae
1207 3625 1349 3693 quoque

257 3712 389 3786 similes
422 3712 501 3796 illis,
535 3737 622 3805 quas
661 3715 754 3806 apud
797 3714 1009 3808 Sophoclem
1051 3716 1158 3784 toties
1192 3718 1350 3809 exagitat

256 3828 467 3899 Brunckius.
519 3826 580 3897 Ne
609 3827 734 3921 longus
763 3830 839 3912 sim,
868 3852 941 3899 uno
970 3828 1135 3920 exemplo
1162 3840 1350 3902 contentus

257 3965 327 4013 ero.
379 3943 500 4027 Quum
525 3942 562 4011 in
589 3940 686 4012 libris
715 3942 890 4035 plerisque
918 3942 1015 4013 nullo
1045 3967 1148 4016 sensu
1174 3946 1351 4041 legeretur

258 4057 375 4129 Prom.
398 4064 429 4126 6.
455 4054 668 4147 ἀδαμαντίνως
694 4055 818 4155 τίθησιν
841 4057 869 4129 ἒν
895 4056 1052 4152 ἀρρήκτοις
1074 4058 1208 4155 πέτραις,
1233 4084 1350 4152 neque

257 4180 402 4242 exortus
417 4181 510 4241 esset
528 4171 729 4264 Stephanus
754 4172 888 4264 aliquis,
906 4174 965 4265 qui
987 4196 1106 4244 veram
1131 4175 1350 4265 scripturam,

256 4284 456 4378 ἀδαμαντίνων
481 4285 595 4378 δεσμῶν
620 4286 648 4356 ἓν
669 4285 824 4382 ἀρρήκτοις
846 4287 962 4373 achaic,
983 4290 1077 4379 apud
1103 4286 1349 4380 Aristophanis
1446 4322 1452 4333 ·
