2978 5062
240 343 304 409 160
592 339 978 404 'ANNOTATIONES

236 572 238 576 ,
282 511 353 594 σὺν]
373 509 426 588 ξδν
442 508 622 572 Βτυιισῖιίυς
638 523 727 572 recte.

285 614 417 696 ἑβδόμῳ]
437 613 548 696 εὗδόμιμ
565 613 603 674 C.

288 716 359 799 283.
390 713 565 798 ἀντηρέτας]
592 713 759 793 ἀντηρέτας,
789 713 1006 776 adversarius.
1044 711 1188 797 Proprie,
1217 713 1273 796 qui
1303 732 1343 773 τω

242 816 375 880 aduerso
395 819 544 903 remigat.
582 815 670 879 Male
692 813 788 878 schol.
806 818 848 878 A.
865 831 897 877 et
913 813 1083 900 Sopingius
1097 813 1137 876 ad
1154 811 1294 898 Hesych.
1310 813 1340 875 in

242 942 272 982 v.
296 918 337 981 ab
360 920 486 999 ἀνταέρω
508 917 638 981 ducunt.
671 917 810 1002 Etynrol.
837 918 884 979 M.
909 940 941 1003 p.
966 935 1035 992 112,
1056 937 1108 994 40.
1131 916 1300 996 ἀντηρέτας.
1326 919 1342 978 ὁ

243 1020 482 1099 ἆντικαθήμευος.
506 1022 554 1082 καὶ
569 1021 750 1100 ἆντηρετεῖυ,
765 1020 799 1081 τὸ
816 1021 864 1081 ἐπὶ
878 1025 965 1099 ζυγοῦ
982 1020 1176 1098 καθεζόμενος
1195 1019 1342 1100 ἐρέσσειν.

243 1125 326 1187 Mox
351 1127 533 1204 ἑπτατειχεῖς
555 1120 673 1199 ἐξόδους
695 1119 809 1183 dieitur
832 1143 889 1206 pro
913 1124 986 1184 ἑπτὰ
1009 1119 1126 1199 ἐξόδους
1148 1121 1282 1203 τειχέων,
1307 1133 1343 1183 ut

245 1225 418 1305 ἑπτάπυργα
440 1228 565 1304 κλεῖθρα
586 1245 644 1308 pro
668 1225 742 1286 έπτᾰ
764 1229 886 1304 κλεῖθρα
907 1225 1038 1304 πύργων,
1059 1221 1172 1309 Eurip.
1188 1221 1344 1286 Phoeniss.

247 1342 340 1408 1073.
364 1326 540 1387 BLOMF.

291 1428 686 1510 287-303=304-320.
704 1427 820 1488 Versus
841 1425 873 1487 in
892 1424 970 1487 Ald.
991 1424 1033 1488 sic
1053 1424 1156 1503 divisi,
1171 1425 1301 1505 μέλει-
1321 1424 1326 1512 Ι

245 1529 430 1609 γεῖτονες-
449 1525 454 1612 Ι
473 1526 636 1607 τόρβος-
655 1524 659 1610 Ι
679 1525 877 1604 δράκοντα-
895 1527 901 1609 Ι
919 1526 1158 1607 ὑπερδέδοικε-
1177 1526 1182 1613 Ι
1202 1527 1343 1605 δυσευυή-

246 1655 371 1710 τειρα-
392 1627 396 1713 Ι
416 1629 505 1692 τοὶ-
524 1626 529 1712 Ι
548 1628 735 1706 πανομιλὶ-
753 1626 759 1711 Ι
777 1630 823 1690 τοὶ
839 1627 908 1691 δ’-
926 1629 932 1712 Ι
950 1630 1128 1696 πολῖταις-
1147 1628 1151 1714 Ι
1171 1631 1303 1693 παντὶ-
1322 1629 1328 1715 Ι

241 1733 364 1796 θεοὶ-
388 1730 553 1817 Ιποῖον-
573 1732 578 1814 Ι
597 1728 679 1792 τᾶσδ’
694 1767 739 1777 -
758 1727 763 1814 Ι
782 1729 1001 1812 βαθύχθου’-
1020 1731 1025 1816 Ι
1045 1732 1161 1812 εθτρεφ.
1175 1768 1222 1780 -
1240 1729 1246 1818 Ι
1264 1733 1346 1794 ὅσων

247 1871 291 1882 -
309 1836 314 1919 Ι
332 1834 502 1912 Τηθύος-
521 1831 527 1918 Ι
545 1833 660 1895 τεοὶ-
679 1831 683 1918 Ι
704 1833 752 1896 καὶ
788 1835 843 1896 τδν
858 1870 901 1880 -
920 1831 924 1919 Ι
945 1837 1082 1900 κῦδος-
1100 1833 1105 1919 Ι
1125 1835 1345 1913 εὔεδροι-λι-

248 1941 356 2001 ταῖσιν.

292 2039 365 2121 287.
380 2039 546 2122 ὑπνώσσει]
564 2040 695 2102 ὑπυόσει
709 2037 828 2123 aliquot
843 2036 934 2100 codd.
951 2054 983 2100 et
997 2037 1072 2101 Ald.
1091 2036 1175 2101 Rob.

293 2141 365 2207 288.
389 2142 522 2227 καρδίας]
548 2141 689 2203 Metrurn
713 2140 844 2202 formam
866 2137 1002 2224 postulat
1024 2138 1208 2226 disyllabum
1232 2138 1345 2220 κόρζας,

249 2266 343 2330 quarn
354 2242 502 2306 AEolibus
514 2241 624 2306 tribuit
636 2243 744 2328 Etym.
755 2243 804 2303 M.
821 2263 852 2326 p.
862 2256 936 2322 407‚
951 2259 1002 2319 21,
1018 2264 1077 2326 ego
1087 2241 1282 2327 AEschyloet
1298 2241 1347 2305 hic

249 2360 281 2409 et
305 2344 414 2432 Suppl.
438 2360 489 2426 72.
513 2359 545 2408 et
568 2362 640 2429 799.
662 2342 884 2407 restituendam
908 2365 974 2406 esse
992 2342 1113 2406 ostendi
1133 2343 1164 2406 in
1182 2342 1348 2406 Thesauro

252 2445 403 2533 Stephani
423 2445 484 2510 vol.
502 2466 530 2508 2.
554 2468 587 2531 p.
607 2448 690 2509 1106
705 2447 748 2510 D.
786 2445 938 2530 Ejusdem
961 2444 1084 2531 generis
1104 2459 1151 2508 est
1170 2449 1206 2520 ζᾰ
1227 2467 1286 2531 pro
1300 2448 1348 2508 διδ

253 2549 370 2612 dictum
394 2563 425 2610 et
446 2547 595 2627 ζαπρέπον
619 2570 677 2634 pro
700 2547 871 2627 διαπρέπον,
898 2547 984 2633 quod
1008 2545 1123 2612 librarii
1144 2546 1349 2611 obliterarunt

253 2650 339 2737 apud
356 2648 544 2733 AEschylurn
563 2651 648 2711 Pers.
662 2651 753 2711 1006.

295 2753 367 2834 289.
391 2749 542 2831 μέριμναι]
567 2750 719 2828 μερίμναις
740 2747 816 2812 Ald.
848 2750 975 2831 μέριμνα
997 2750 1083 2814 ltob.
1120 2752 1159 2814 In
1182 2750 1254 2814 edd.
1275 2766 1348 2814 vett.

250 2874 312 2915 non
338 2866 409 2936 post
435 2849 555 2931 τάρβος,
582 2849 634 2912 sed
666 2865 736 2936 post
764 2857 928 2932 ζωπυροῦσι
953 2869 1105 2939 punctum
1132 2854 1268 2940 positum
1293 2869 1348 2916 est.

250 2952 395 3018 Delenda
423 2951 525 3015 omnis
549 2952 768 3038 interpunctio.
807 2955 887 3016 Nam
915 2954 1081 3018 accusativi
1111 2954 1165 3018 τδν
1190 2957 1350 3037 ἀμφιτειχῆ

252 3057 332 3119 λεών
347 3053 555 3118 construenda
569 3069 642 3117 sunt
664 3077 735 3118 curn
758 3059 922 3135 ζωπυροῦσι
944 3055 1065 3137 τάρβος,
1082 3079 1155 3142 quae
1176 3080 1235 3143 pro
1254 3058 1351 3121 verbo

254 3163 354 3238 ταρβῶ
369 3156 469 3243 posita
484 3172 567 3229 sunt,
582 3156 669 3242 quod
683 3157 785 3243 ipsum
807 3157 838 3220 in
854 3157 959 3221 codice
975 3181 1038 3221 uno
1053 3181 1110 3244 pro
1125 3159 1236 3240 τάρβος
1257 3158 1350 3244 scrip-

252 3276 321 3325 tum
345 3275 410 3323 est:
434 3259 474 3322 de
493 3282 557 3345 qua
577 3258 718 3322 liberiore
744 3259 972 3323 constructione
988 3260 1062 3341 πρὸς
1083 3259 1117 3323 τδ
1132 3257 1351 3340 σημαινόμενον

252 3362 319 3427 dixi
335 3362 375 3426 ad
392 3361 490 3448 Soph.
507 3360 620 3448 Antig.
635 3382 704 3424 110.

297 3485 371 3548 290.
388 3464 456 3548 τὸν]
474 3470 533 3526 τῶν
547 3464 588 3525 Ε.

296 3567 350 3630 τὸν
365 3569 525 3646 ἀμφιτειχῆ
539 3566 632 3647 λεὼν]
658 3571 715 3628 τῶν
731 3566 807 3645 ἀμφὶ
829 3567 913 3648 τείχη
935 3572 1014 3628 λεῶν
1029 3567 1106 3628 Ven.
1146 3563 1350 3628 Scribendum

254 3691 317 3732 uuo
343 3689 434 3730 versu
461 3667 513 3728 τὸν
543 3666 866 3747 ἀμφιτειχῆ-τέκνων,
896 3665 1074 3752 pariterque
1098 3667 1129 3729 in
1159 3666 1353 3751 antistropho

255 3771 423 3856 308.309.

300 3891 372 3954 291.
395 3870 557 3950 δράκοντας
578 3871 630 3953 ὥς]
656 3868 801 3951 δράκοντα
823 3868 847 3933 δ’
862 3872 901 3936 ὥς
922 3869 993 3933 edd.
1012 3869 1146 3951 δράκονθ’
1163 3871 1202 3937 ὤς
1218 3871 1260 3932 Ν.
1284 3869 1352 3951 δρό-

256 3998 362 4040 κοντας
377 3973 415 4039 ὥς
432 3971 581 4057 [Bothius
596 3974 639 4054 et]
660 3970 828 4047 Burneius‚
844 3971 899 4057 qui
915 3972 989 4035 citat
1005 3973 1119 4035 Horat.
1136 3970 1241 4057 Epod.
1263 3991 1289 4047 r,
1303 3990 1353 4055 29.

252 4076 327 4138 avia
346 4075 549 4160 Serpentium
571 4074 713 4159 allapsus
739 4075 834 4136 timet.
871 4073 949 4135 Stat.
973 4071 1091 4135 Aclrill.
1115 4093 1143 4146 1,
1168 4093 1243 4139 212.
1268 4073 1354 4135 volu-

253 4177 436 4255 cria-,ltine
457 4177 558 4239 αιτσῖα
580 4178 701 4262 cogitat
720 4195 853 4261 angues.
879 4174 997 4237 Contra
1022 4197 1081 4261 pro
1095 4173 1245 4259 singulari
1261 4189 1353 4250 stant,

255 4274 427 4361 AEschylus
442 4276 507 4363 ipse
523 4276 605 4339 infra
619 4294 692 4360 503.
708 4293 749 4349 et,
765 4299 858 4362 quern
879 4276 1009 4340 fortasse
1032 4276 1177 4362 respexit,
1196 4277 1356 4339 Homerus

240 4375 347 4458 iliad.
364 4382 400 4450 B,
418 4380 491 4462 298.
516 4376 668 4441 Moschus
689 4399 721 4457 4,
747 4397 796 4441 21.
821 4376 986 4441 Heliodor.
1012 4378 1154 4463 AEthiop.
1174 4397 1205 4442 2.
1228 4400 1259 4463 p.
1281 4398 1351 4441 100.

255 4477 429 4543 BLOMF.
467 4479 611 4560 δράκοντα
625 4476 650 4543 δ’
666 4481 768 4559 ὥσπερ
783 4481 867 4544 Rob.
