2978 5062
253 333 316 405 196
611 335 988 400 ANNOTATIONES

243 555 247 561 .
293 501 397 586 τύχας]
411 502 508 568 πόλος
522 499 599 565 Ald.

294 606 368 689 634.
391 605 603 686 έπικηρνχθεὶς,
626 604 825 691 dtat'gnatuc.
847 603 1001 667 Abresch.
1025 600 1174 666 subaudit
1189 604 1346 682 βασιλεύς.

252 706 375 769 Locum'
397 718 515 783 autem,
530 705 587 792 qui
600 704 696 791 vulgo
713 705 793 769 male
810 704 1026 791 distinguitur,
1040 704 1086 768 ita
1099 716 1212 780 vertas,
1229 703 1346 776 Quales

250 809 444 894 imprecatur
456 817 486 873 et
501 809 592 886 coice
600 810 683 894 petit
696 816 835 884 eventus,
847 808 964 871 scilicet
977 828 1021 883 se,
1037 810 1119 887 (cum
1134 815 1240 870 turrea
1253 826 1346 869 scon·

250 908 343 985 derit,
358 919 388 973 et
402 930 460 973 rec
473 909 769 993 nunciatanfirerit,
781 919 811 974 ct
824 910 948 973 Paeona
962 909 999 973 ob
1011 917 1135 995 captam
1150 908 1257 971 urbem
1271 929 1346 970 con-

250 1014 379 1093 toverit)
397 1021 495 1075 tecum
509 1012 671 1100 congredi,
687 1022 742 1076 etc.
768 1013 943 1078 BLOMF.
1111 1064 1113 1068 ,

293 1115 367 1198 636.
381 1112 584 1195 ξυμφέρεσθαι
598 1113 787 1178 Bruncltius.
810 1114 1017 1196 συμφέρεσθαι
1031 1113 1113 1178 libri.

293 1216 369 1295 640.
383 1219 437 1297 γῆς
453 1217 502 1279 Μ.
518 1213 641 1300 aliique.
664 1221 721 1297 γᾶς
734 1214 839 1301 vulgo.

294 1318 368 1394 642.
385 1318 506 1380 εὔθετον
520 1317 604 1379 Α.Β.
622 1319 680 1379 Αν.
697 1339 762 1381 var.
777 1317 869 1382 lectio
882 1317 914 1381 in
931 1316 1080 1382 Cantabr.
1096 1316 1243 1394 secundo,
1259 1316 1343 1380 Rob.

252 1415 343 1481 Libri
365 1416 487 1504 reliqui,
502 1418 583 1482 inter
604 1441 685 1503 quos
699 1420 749 1482 M.
764 1441 891 1506 quoque
912 1434 969 1495 est,
985 1421 1138 1495 εὔκυκλον,
1154 1418 1283 1482 fortasse
1304 1440 1345 1481 ex

250 1539 280 1583 v.
301 1539 376 1604 590.
398 1518 529 1584 illatum.
577 1520 748 1586 Scholiasta
768 1520 826 1606 qui
851 1522 993 1586 εόκοκλον
1013 1519 1100 1606 legit,
1127 1519 1274 1602 γράφεται
1298 1520 1343 1597 δὲ,

250 1621 365 1707 inquit,
381 1623 428 1685 καὶ
443 1624 564 1686 εὔθετον
577 1621 678 1696 πόκος,
694 1624 744 1686 ἵνα
758 1619 777 1709 ᾗ
790 1622 825 1684 τό
841 1621 1053 1701 εὐβάστακτον.

294 1726 369 1809 643.
394 1724 720 1807 προσμεμηχανημένον
742 1726 794 1788 Μ.
816 1723 932 1809 aliique
956 1723 1108 1788 nonnulli.
1134 1749 1346 1806 προσμεμηχα-

251 1823 395 1902 νεομένον
408 1821 514 1909 vulgo.
558 1823 681 1888 Eadem
695 1822 846 1888 librorum
861 1822 1067 1909 discrepantia
1081 1836 1128 1886 est
1142 1845 1171 1885 ν.
1186 1841 1260 1907 541.

294 1928 368 2006 644.
403 1924 580 2009 τευχηστὴν]
616 1925 776 2007 τενχιστὴν
803 1923 882 1988 Ald.
912 1923 995 1988 Rob.
1027 1925 1130 1988 Turn·
1150 1937 1192 1988 et
1224 1923 1346 1987 codices

248 2026 377 2113 aliquot.

293 2128 367 2207 648.
391 2125 452 2206 ἕξει
472 2126 611 2213 πατρηίαν
625 2131 684 2193 Ατ.
707 2128 846 2215 πατρῴαν
866 2129 925 2207 ἔξει
945 2127 1259 2214 Cantabr.,uterque.
1282 2126 1344 2207 ἔξει

248 2227 392 2315 πατρῴαν
407 2229 512 2316 vulgo.
558 2231 740 2316 Utrumque
762 2229 853 2295 scribi
874 2230 988 2317 potuit.
1033 2231 1153 2309 Quodsi
1174 2234 1265 2297 πόλιν
1284 2234 1345 2310 ἔξει

249 2329 387 2416 πατρῴαν
401 2330 526 2418 legitur,
542 2344 653 2418 sponte
666 2330 849 2419 intelligitur
863 2334 985 2412 δόματα
1001 2354 1062 2396 non
1082 2331 1143 2397 alia
1163 2333 1225 2398 dici
1246 2356 1342 2420 quam

249 2431 379 2518 πατρῴα.
403 2438 493 2499 πόλιν
507 2431 646 2520 πατρῴαν
659 2433 740 2498 dixit
754 2457 783 2498 v.
796 2435 872 2518 582.

293 2535 366 2619 650.
381 2536 486 2620 δοκεῖς]
502 2540 585 2600 δοκεῖ
598 2537 647 2599 Μ.
661 2551 693 2599 et
708 2551 771 2599 tres
784 2534 847 2598 alii.
870 2541 952 2600 δοκεῖ
964 2561 1013 2599 σοι
1028 2557 1110 2600 uuus
1122 2550 1156 2600 et
1169 2535 1247 2601 Ald.

294 2636 315 2698 6
314 2654 369 2719 52.
383 2635 507 2721 μέμψει]
521 2636 627 2722 μέμψῃ
641 2636 721 2701 libri.

293 2741 367 2821 653.
393 2738 547 2822 θεομανές]
578 2737 681 2802 Schol.
705 2738 928 2825 interpretatur
948 2740 984 2800 c'n
1010 2738 1081 2802 dccc
1092 2740 1228 2823 surena.
1252 2739 1343 2805 male.

251 2838 374 2916 Potius,
389 2841 604 2924 cnificrorem
625 2841 673 2903 dii
693 2841 891 2924 ότηοοοτιιπίς
916 2854 952 2904 ut
972 2838 1004 2902 in
1019 2840 1133 2927 Eurip.
1151 2843 1253 2906 Orest.
1269 2843 1342 2927 835.

249 2946 392 3020 θεομανεῖ
402 2942 502 3027 λόσοῃ
517 2944 627 3021 δαμείς.
652 2943 826 3008 BLOMF.

292 3044 366 3125 654.
384 3041 471 3127 ἀμὸν]
489 3043 562 3122 έμὸν
578 3045 620 3106 Ν.
637 3043 720 3107 Rob.
744 3044 824 3123 ὠμὸν
839 3045 967 3107 llarocc.
982 3042 1060 3107 Ald.

293 3146 368 3229 655.
384 3149 437 3208 νῦν
451 3145 531 3229 ἀραὶ]
547 3146 616 3227 ἀραὶ
631 3150 684 3210 νῦν
699 3143 834 3211 vindob.
849 3146 925 3223 duo,
941 3145 1019 3210 Ald.
1035 3146 1120 3211 Rob.

292 3249 365 3332 656.
383 3248 511 3334 κλαίειν]
528 3246 735 3312 Scribendum
752 3247 855 3312 κλάειν
869 3270 940 3311 curn
957 3247 1128 3314 Bruncltio.

292 3351 366 3434 657.
382 3350 615 3434 δυσφορώτερος]
631 3351 859 3431 δυσφορότατος
871 3349 992 3435 aliquot
1004 3349 1097 3413 codd.

294 3451 366 3535 658.
382 3451 566 3538 Πολυνείκη]
585 3453 764 3515 Πολυνείκει
780 3451 818 3513 Β.

293 3554 367 3635 659.
383 3550 521 3631 τθπίοημ’
538 3551 646 3638 Steph.
662 3567 694 3616 et
707 3575 781 3638 pars
790 3549 942 3614 codicum.
957 3550 1111 3631 τούπίσημ’
1125 3554 1217 3617 C.M.
1228 3551 1345 3639 aliique

249 3664 280 3718 et
296 3652 374 3717 Ald.
391 3653 475 3716 Rob.
492 3655 595 3717 Turn.
614 3652 700 3738 quod
722 3675 827 3717 verum
851 3675 916 3716 esse
937 3669 1050 3739 potest,
1068 3653 1140 3719 licet
1161 3654 1345 3719 substantivi

249 3754 284 3818 τό
300 3757 430 3833 έπίοημα
444 3753 588 3839 exempla
600 3753 660 3816 alia
674 3752 814 3816 nondum
828 3752 890 3818 sint
905 3767 1036 3840 reperta.

293 3856 365 3939 ὅπη]
382 3857 451 3918 όποι
466 3856 515 3919 Μ.
534 3853 617 3917 Rob.
635 3853 744 3939 steph.

293 3958 366 4020 661.
383 3957 440 4019 σὺν
454 3957 547 4039 φοίτῳ
558 3956 726 4019 A.B.C.E.
741 3954 864 4042 aliique,
877 3957 963 4043 quod
978 3960 1132 4044 ουμφοίτῳ
1147 3958 1296 4045 scriptum
1312 3959 1344 4022 in

252 4057 300 4118 M.
317 4073 347 4120 et
363 4055 446 4120 Rob.
470 4057 526 4118 σὺν
540 4059 624 4141 τύφῳ
639 4055 716 4120 Ald.
732 4059 837 4121 Turn.

294 4159 367 4221 662.
392 4157 482 4242 Δίκη]
505 4158 597 4220 Jovis
620 4157 690 4221 filia.
716 4158 831 4244 Enrip.
854 4160 1060 4227 Andromeda
1080 4186 1131 4249 ap.
1159 4164 1246 4228 Stob.
1273 4165 1345 4229 Ecl.

250 4277 282 4341 p.
295 4275 366 4340 123.
381 4257 446 4335 Τήν
460 4282 505 4321 τοι
521 4260 615 4339 Δίκην
628 4260 754 4340 λέγουσι
767 4260 847 4325 παῖδ’
863 4262 940 4325 εἶναι
956 4264 1038 4331 Διός.
1063 4265 1236 4330 BLOMF.

294 4357 367 4436 664.
390 4361 524 4439 φυγόντα
547 4361 713 4442 (φεύγοντα
731 4362 950 4444 Blomlieldus)
965 4368 1112 4448 μητρόθεν
1125 4369 1248 4452 σκότον]
1267 4368 1344 4432 Pin-
