2978 5062
561 364 629 427 AD
653 363 842 429 PERSAS.
1188 366 1253 435 279

193 528 225 590 τί
243 526 332 614 ποτε]
357 527 563 592 Scribendum
586 531 670 594 τίπτε
690 553 728 594 ex
752 531 794 610 B,
810 530 842 594 in
865 554 930 618 quo
951 544 1135 597 annotatum
1154 560 1201 616 γρ.
1224 536 1257 599 τί

151 652 233 692 ποτε.
267 631 350 693 τίπτε
372 629 487 716 legitur
507 631 594 718 apud
617 631 806 719 AEschylum
830 635 949 719 Agam.
965 651 1038 719 975.
1059 650 1090 699 et
1107 635 1254 723 Sophocli

151 753 211 819 pro
227 734 255 795 τί
266 757 340 796 ποτε
354 748 401 797 est
416 733 593 798 restitutum
610 734 744 799 Philoct.
760 758 790 799 v.
805 736 898 820 1089.

194 836 272 918 556.
288 832 443 921 τόξαρχος]
459 833 604 920 τοξάρχης
620 838 703 900 Ab.

195 936 360 1023 πολιήταις]
382 938 519 1004 πολίταις
538 954 600 1001 tres
614 939 703 1003 codd.
720 955 752 1005 et
766 939 845 1004 Ald.
862 940 943 1004 Rob.
962 942 1065 1005 Turn.
1099 938 1253 1018 πολιήταις

153 1036 264 1124 reliqui
280 1039 370 1102 codd.
387 1054 418 1102 et
435 1039 543 1125 steph.
579 1103 595 1141 ο

194 1156 271 1226 557.
293 1141 448 1225 Σουσίδος]
464 1143 606 1207 Σουσίδες
621 1143 670 1206 Μ.
709 1143 914 1208 Scribendum
931 1145 1089 1210 Σουσίδαις
1102 1164 1141 1206 ex
1156 1141 1251 1207 schol.

153 1262 184 1310 et
199 1246 327 1310 Barocc.
344 1243 422 1308 Ald.
439 1246 544 1307 Turn.
567 1248 710 1310 Σουσίδαι
724 1245 821 1310 codex
839 1245 1086 1311 Lambethanns.

197 1347 304 1433 ἄκτωρ]
330 1348 421 1411 Dur.
448 1349 584 1411 Eumen.
610 1348 685 1431 398.
703 1346 838 1432 Ἀχαιῶν
860 1347 982 1430 ἄκτορές
1006 1374 1039 1412 τε
1063 1350 1111 1413 καὶ
1135 1347 1253 1431 πρόμοι.

154 1450 328 1515 BLOMF.

197 1554 272 1637 558.
284 1577 317 1617 τε
327 1551 386 1638 καλ]
401 1577 434 1616 τε
447 1556 505 1635 γὰρ
521 1554 569 1617 καὶ
584 1554 634 1616 Μ.
649 1568 682 1617 et
696 1552 787 1618 codd.
802 1553 944 1642 plerique
955 1577 1027 1619 cum
1040 1553 1123 1618 Rob.
1136 1554 1243 1617 Tum.

197 1676 271 1740 559.
294 1654 452 1738 ὁμόπτεροι
476 1655 666 1720 Brunckius.
698 1655 753 1719 οἵδ’
781 1656 844 1742 (vel
868 1659 900 1721 αί
925 1655 966 1739 δ’)
993 1654 1151 1738 όμόπτεροι
1172 1655 1253 1720 libri.

155 1758 207 1821 De
220 1757 391 1840 λινόπτεροι
406 1757 554 1845 cogitavit
570 1757 764 1822 Schuetzius.
791 1758 972 1836 Scholiasta,
989 1761 1020 1823 ol
1034 1756 1191 1840 δμόττεροι
1206 1759 1255 1824 καὶ

154 1865 216 1927 τοῖς
231 1861 330 1927 αὐτοῖς
343 1867 461 1943 πτεροῖς
477 1858 694 1943 κουφιζόμεναι,
709 1857 727 1939 ἢ
742 1862 773 1923 ol
787 1862 893 1939 ὁμοίως
907 1866 1025 1943 πτεροῖς
1039 1859 1171 1922 θέουσαι.

199 1961 388 2046 κυανώπιδες]
405 1967 559 2036 κυανῶπις,
577 1963 640 2025 Cui
651 1983 753 2049 prora
767 1982 868 2047 ιγαυα
882 1961 977 2024 oblita
992 1969 1046 2023 ert.
1068 1959 1150 2023 idem
1166 1961 1253 2046 quod

155 2061 360 2144 κνανόπρωρος
381 2062 467 2149 apud
494 2064 682 2140 Homerum,
706 2076 738 2127 et
765 2063 970 2143 κυανέμβολος
995 2061 1108 2148 Eurip.
1134 2060 1253 2126 Electr.

154 2168 227 2251 436.
244 2164 358 2250 Odyss
375 2171 418 2228 M.
434 2167 486 2228 60.
509 2167 690 2233 κυανώπιδος
705 2163 906 2247 Ἀμφιτρίτης.
940 2167 1070 2228 Proram
1093 2165 1181 2229 navis
1188 2168 1254 2251 fir·

154 2269 230 2330 dem
244 2263 406 2330 dicebant:
433 2265 545 2352 Suppl.
558 2286 631 2349 711.
645 2267 703 2331 Kal
717 2274 819 2349 πρῶρα
832 2267 964 2349 πρόσθεν
978 2269 1090 2347 ὄμμασι
1104 2264 1253 2345 βλέπουσ’

154 2366 233 2432 ὁδόν.
256 2369 428 2433 BLOMF.
468 2370 584 2433 Versus
598 2383 775 2455 corruptus,

196 2473 270 2554 560.
286 2472 401 2553 ἤγαγον
417 2472 455 2534 Β.
479 2473 595 2552 ἄγαγον
610 2469 717 2557 vulgo,
733 2470 819 2557 quod
834 2470 1053 2535 revocandum.

197 2574 272 2656 562.
295 2572 533 2654 πανωλέθροισιν
551 2572 651 2636 Viteb.
668 2573 751 2637 Rob.
785 2575 1036 2655 πανωλεθρίαισιν
1055 2569 1147 2635 codd.
1164 2569 1255 2656 pleri-

155 2696 218 2760 que
244 2696 317 2738 cum
342 2676 446 2738 Turn.
476 2677 711 2763 πανολεθρίῃσιν
735 2674 812 2740 Ald.
850 2677 928 2739 Post
952 2677 1099 2755 ἐμβολαῖς
1121 2694 1255 2752 comma,

155 2791 226 2863 post
253 2777 346 2861 χέρας
370 2792 524 2864 punctum
555 2791 691 2865 ponatur
721 2778 891 2843 secundum
923 2776 1118 2842 scholiastam
1147 2796 1254 2838 recen-

154 2893 273 2943 norem.

196 2985 271 3067 563.
287 2985 335 3046 διδ
350 2981 374 3046 δ’
389 2981 526 3068 Ἰαόνων]
541 2981 576 3046 δι’
591 2981 690 3047 ἆόνων
705 2983 788 3048 Rob.

195 3088 271 3169 564.
301 3083 392 3149 τυτθό
420 3083 448 3167 γ’
475 3087 636 3149 Porsouna
660 3108 697 3150 ex
723 3083 845 3149 Pauwii
869 3083 1119 3171 interpolatione,
1143 3084 1254 3150 vitiosa

153 3185 396 3271 pmcedentinm
413 3186 578 3250 verborum
594 3186 846 3273 interpunctione
859 3185 991 3272 decepti.
1026 3186 1252 3251 Revocandum

153 3288 240 3375 quod
262 3288 294 3352 in
318 3288 404 3352 libris
429 3302 476 3352 est
500 3290 591 3351 τυτθδ
617 3287 652 3351 δ’.
692 3289 851 3366 “Quanta
870 3301 974 3348 autem
999 3309 1055 3372 per
1077 3286 1254 3352 discrimina

156 3389 268 3454 Sardes
288 3389 487 3476 pervenerint
500 3388 611 3474 copiae,
626 3411 706 3475 quas
728 3408 830 3451 secum
854 3385 980 3448 reduxit
996 3388 1131 3465 Xerxes,
1148 3405 1255 3453 narrat

156 3490 340 3555 Herodotus
363 3491 394 3570 8,
419 3507 489 3574 115.
512 3489 630 3577 quippe
655 3505 770 3554 coactae
789 3486 957 3564 fructibus,
982 3486 1089 3566 herba,
1112 3510 1169 3552 nec
1190 3511 1254 3554 non

153 3592 321 3657 corticibus
342 3607 373 3655 et
395 3590 561 3655 frondibus
582 3591 681 3666 vesci3
707 3610 916 3676 magnamque
936 3604 1056 3674 partem
1077 3589 1255 3676 pestilentia

154 3717 189 3758 ec
204 3694 382 3781 dysenteria
401 3692 482 3756 inter
497 3693 579 3756 viam
600 3693 769 3757 exstinctae.
806 3693 891 3769 Quin
914 3707 944 3755 et
967 3715 1022 3755 rex
1042 3692 1108 3778 ipse
1130 3693 1256 3758 naufra-

153 3795 241 3881 ffl‘nm
258 3816 320 3858 non
335 3794 492 3870 evitasset,
507 3792 565 3857 nisi
583 3795 687 3858 Persae
702 3794 878 3859 desilientes
891 3794 923 3858 in
940 3818 1024 3859 mare
1035 3818 1144 3861 navem
1158 3796 1255 3863 levas·

154 3898 251 3962 sent.”
275 3897 442 3962 STANL.

197 4006 272 4088 565.
300 4001 403 4085 αὐτὸν]
428 4000 523 4063 αὐτῶν
552 3998 623 4062 edd.
653 4014 726 4064 ante
756 3997 962 4062 Brunolium.
1001 4001 1184 4063 Correctum
1216 4025 1256 4067 ex

155 4106 292 4168 A.n.M.
307 4102 447 4187 aliisque.

198 4206 238 4270 ὣς
252 4201 410 4284 ἀκούομεν]
435 4201 485 4262 De
499 4199 727 4263 constructione
745 4201 857 4264 horum
873 4200 1039 4266 verborum
1055 4201 1195 4268 diximus
1216 4205 1258 4271 ad

154 4328 185 4367 v.
201 4306 239 4368 18
265 4354 272 4367 .

198 4326 273 4489 562.
296 4405 338 4484 δμ
358 4401 516 4485 πεδιήρεις]
540 4402 741 4466 Scribebatur
756 4402 950 4484 ἆμπεδιήρεις.
985 4405 1043 4466 ἀνὰ
1057 4405 1204 4488 πεδιήρεις
1219 4412 1257 4474 C.

153 4521 184 4570 et
200 4528 264 4569 uno
281 4502 434 4569 vocabulo
449 4501 531 4565 Rob.
