2978 5062
463 359 531 423 AD
554 358 915 424 PROMETHRUM.
1176 359 1241 423 115

132 521 247 588 ’τοιόνδ’
262 524 416 608 lucidae}
430 551 481 591 σοι
494 526 615 608 θράσος.
643 528 717 591 Ηοα
731 525 803 591 ideo
817 526 1009 592 monendum
1025 527 1144 614 putavi,
1158 550 1239 614 quo·

139 623 223 687 niam
238 638 328 690 extm
345 626 600 713 significationem
618 628 686 714 jam
708 643 909 692 memoratam
932 651 1003 692 raro
1023 626 1140 713 legitur
1159 634 1242 696 τοῖος

139 725 225 812 apud
240 727 366 791 Atticos
379 744 497 815 poetas.
519 729 632 793 ELM.
679 729 742 794 Sed
756 729 901 794 advocari
916 744 1019 816 posset
1035 728 1191 793 Herodot.
1208 729 1239 806 8,

143 845 192 890 12.
208 830 378 904 ἐλπίζοντες
390 828 494 913 πάγχυ
507 830 702 906 ἀπολέεσθαι,
719 834 750 899 ἐς
763 833 813 896 οἶα
827 834 903 895 κακὴ
912 831 996 911 ἧκον.
1012 829 1105 894 Iliad.
1116 836 1155 894 X.
1164 848 1241 914 347.

139 929 255 1016 Eurip.
271 931 343 995 Alc.
362 933 436 1013 267.
460 932 636 996 BLOMF.

181 1050 257 1114 910.
272 1034 388 1113 θρόνων
400 1031 442 1121 τ’]
457 1033 483 1097 τ’
498 1057 560 1099 0111.
576 1036 627 1097 M.
643 1035 727 1099 Βοὴ.

183 1135 215 1197 δὲ
231 1133 403 1221 typothetae
418 1158 505 1201 error
519 1158 576 1223 pro
592 1139 626 1210 δ’,
643 1137 729 1222 quod
744 1160 783 1200 ex
799 1135 891 1201 oodd.
907 1133 1016 1199 multis
1029 1150 1061 1200 et
1077 1137 1181 1200 Turn.
1193 1152 1241 1203 eet

139 1236 321 1322 repositum.
342 1235 369 1299 r'
384 1239 437 1301 Μ.
452 1237 568 1324 aliique
582 1262 654 1303 cum
670 1238 749 1303 Ald.
785 1237 975 1303 Particulam
990 1261 1053 1303 om.
1069 1239 1154 1303 Rob.

183 1390 257 1457 913.
275 1372 412 1460 τοιῶνδε]
428 1349 542 1438 τοιύνδε
555 1375 606 1438 Μ.

183 1491 257 1573 916.
275 1489 431 1576 καθήσθω]
447 1491 583 1632 καθέσθω
599 1495 639 1556 E.
663 1493 811 1557 καθείσθω
827 1491 903 1556 Ald.
921 1492 1006 1558 Βοὴ.

182 1654 257 1722 917.
271 1642 391 1725 πιστὸς]
408 1648 520 1709 πιστῶς
536 1644 584 1705 Μ.

181 1751 299 1834 χεροῖν]
316 1752 383 1834 χερὶ
398 1753 442 1814 Α.
479 1750 545 1816 Alii
561 1752 690 1838 quidam
705 1755 794 1835 χερσὶ
809 1752 857 1816 vel
873 1755 989 1836 χερσίν.

180 1853 333 1932 πύρπνουν
355 1854 403 1917 vel
425 1860 578 1936 πυρπνοΰυ
600 1856 693 1918 ΒΜ.
731 1853 797 1917 Alii
822 1854 964 1918 nonnulli
984 1861 1147 1936 πυριπνοῶν
1166 1878 1238 1919 cum

138 1952 222 2017 Βοὴ.
237 1957 401 2036 πυρίπνουν
416 1958 460 2020 D.
483 1958 636 2038 πύρπνοον
650 1956 728 2021 Ald.
746 1959 850 2021 Tum.

181 2056 255 2140 918.
271 2058 307 2121 ού
320 2080 382 2121 om.
400 2058 522 2123 codices
537 2080 658 2124 novem.

181 2177 256 2241 920.
276 2165 359 2223 τοῖον
373 2160 556 2245 παλαιστὴν]
577 2162 650 2225 Νοο
667 2162 717 2225 ὴὶο
733 2160 887 2225 Hercules
902 2160 1081 2237 denotatur,
1098 2174 1133 2223 ut
1147 2174 1239 2247 puta-

137 2256 193 2322 bat
215 2260 253 2324 P.
270 2261 424 2348 Brumoy,
441 2285 603 2349 nunquam
624 2263 707 2327 enim
727 2262 779 2326 ille
793 2265 907 2326 Jovem
932 2283 1030 2346 regno
1051 2261 1112 2324 fuit
1129 2278 1237 2325 extur-

137 2358 288 2438 baturns;
314 2363 367 2427 sed
388 2364 471 2428 lilius
492 2387 654 2450 nunquam
675 2387 783 2428 revera
802 2378 904 2441 natus,
923 2363 1101 2428 nasciturus
1122 2379 1237 2440 tamen,

137 2462 163 2526 ai
192 2464 317 2550 nuptias
345 2489 417 2530 cnm
449 2467 588 2530 Thetide
616 2480 858 2530 consummasset
888 2465 1024 2551 Jupiter.
1050 2468 1237 2532 HEATH.

137 2564 237 2631 Recte
250 2566 401 2655 explicuit
413 2568 576 2633 scholiasta
591 2569 631 2632 ad
647 2593 678 2631 v.
693 2588 767 2650 907.

181 2673 235 2732 νῦν
248 2670 513 2756 παρασκευάζεται]
528 2670 780 2753 παρασκευάζεται
795 2670 860 2734 duo
874 2669 967 2734 codd.
983 2685 1014 2734 et
1030 2669 1107 2734 Ald.
1123 2669 1206 2735 Βοὴ.
1221 2697 1224 2701 ’

180 2789 255 2852 921.
271 2770 315 2835 ἔπ’
332 2772 433 2857 αὐτὸς]
453 2773 541 2840 αὐτὸς
555 2772 600 2836 ἐπ’
617 2772 701 2837 Βοὴ.

180 2889 254 2954 922.
271 2873 401 2958 εὑρήσει]
417 2873 537 2955 εύρήσοι
552 2875 602 2938 Μ.
618 2889 650 2938 et
664 2896 815 2960 superscr.
831 2874 863 2937 in
880 2876 919 2938 B.

180 2993 254 3060 923.
270 2977 413 3059 βροντῆς]
432 2975 638 3039 Scribendum
654 2976 784 3058 βροντάς
797 2999 869 3040 cum
885 2977 1084 3041 Blomfieldo.

179 3097 254 3159 924·
278 3081 333 3159 γῆς
351 3078 537 3160 τινάκτειραν
562 3080 655 3142 νόσου
678 3077 843 3142 tridentem
871 3094 969 3143 vocat.
1016 3080 1088 3143 Non
1109 3101 1236 3165 prorsus

136 3177 284 3243 dissimile
311 3194 359 3243 est
381 3179 468 3266 quod
500 3178 670 3266 Sophocles
695 3179 807 3265 Antig.
831 3200 907 3262 421.
932 3181 972 3244 de
995 3180 1120 3243 turbine
1143 3179 1235 3257 dixit,

136 3282 284 3359 μύσαντες
302 3283 327 3348 δ’
345 3287 466 3367 εἴχομεν
481 3284 566 3347 θείαν
581 3283 683 3346 νόσον.
707 3281 761 3345 ubi
778 3281 923 3366 AEschyli
938 3280 1058 3344 dictum
1077 3301 1235 3366 compara-

136 3381 182 3447 vit
196 3385 392 3451 Erfurdtiua.

179 3501 254 3572 925.
269 3488 337 3575 τὴν]
354 3494 406 3552 τοῦ
423 3487 505 3552 Βοὴ.
802 3547 824 3582 ω

180 3592 251 3671 926.
270 3589 362 3676 κακῷ]
380 3597 476 3655 κακῶν
491 3590 609 3676 aliquot
624 3588 717 3653 codd.
734 3592 831 3650 κακῶν
846 3589 895 3649 Μ.

180 3707 251 3772 927.
268 3693 358 3779 ὅσον]
375 3694 471 3756 ὅσσον
487 3694 539 3755 Μ.
558 3692 643 3755 Βοὴ.
825 3728 841 3785 ὃ

178 3792 251 3874 928.
267 3795 306 3856 σύ
321 3795 388 3876 θην]
409 3793 611 3858 scribebatur
626 3793 665 3858 σὺ
679 3792 745 3872 θήν.
769 3792 807 3856 σὺ
822 3792 878 3870 θὴν
893 3792 941 3854 Μ.

178 3892 370 3978 ἐπιγλωσσᾷ]
393 3896 517 3982 Effittia
538 3896 746 3959 ademtae*
771 3893 911 3978 Hesych.
934 3891 1231 3973 Ἐπιγλωσσιύμεναι·

136 3995 344 4060 ε’πιλαλοΰσαι.
382 3994 593 4078 Ἐπιγλωσσῶ·
627 3998 796 4071 ἐποιωνίζου
822 3998 871 4059 διὸ
899 3995 1042 4077 γλῶττης.
1082 3996 1234 4076 Αἰσχύλος

133 4092 352 4176 Ἡρακλείδαις.
379 4098 551 4163 Scholiasta
564 4112 678 4177 noster,
695 4100 848 4184 ἐποιωνίζῃ
864 4101 937 4162 κατὰ
948 4102 1000 4160 τοῦ
1013 4096 1085 4162 Διὸς
1101 4096 1120 4158 ὴ
1134 4099 1233 4182 βούλῃ

133 4197 277 4278 γενέσθαι
291 4201 378 4286 αὐτῷ.
406 4200 550 4286 Choeplt.
569 4219 660 4284 1043.
676 4199 740 4280 μήτ’
757 4203 937 4282 ἐπιγλωσσῶ
952 4199 1035 4263 κακά.
1067 4195 1232 4283 Aristoph.

134 4299 269 4385 Lysistr.
294 4316 347 4386 37.
375 4304 452 4384 Περὶ
477 4308 536 4366 τῶν
560 4302 695 4381 Ἀθηνῶν
724 4302 777 4366 οὐκ
805 4302 1063 4384 ἐπιγλωττήσομαι
1088 4306 1233 4365 Τοιοῦτον

133 4401 230 4467 οὐδέν.
254 4404 430 4470 BLOMF.

654 4527 672 4568 1³
689 4524 707 4571 2
