2978 5062
509 367 577 430 AD
600 367 959 432 PROMETHEUM.
1243 371 1288 435 37

190 532 369 597 Ellendtius
389 533 422 597 iu
445 535 565 599 Lexico
588 535 761 621 Sophocleo
778 536 838 600 vol.
859 555 885 598 1.
909 559 942 622 p.
959 555 1008 601 αι.
1033 553 1083 600 22.
1104 535 1223 599 frustra
1237 535 1289 599 ille

190 632 361 698 defendens
375 637 445 712 αἰεὶ,
461 636 546 722 quod
563 636 678 701 librarii
696 639 838 701 Homero
853 637 975 701 adsueti
989 635 1173 701 intulerunt.

235 761 272 816 γε
286 734 385 800 codex
400 736 534 802 Vindob.
551 738 670 802 tertius.
699 738 882 825 Legebatur
896 764 941 816 τε,
956 738 1044 824 quod
1058 737 1090 801 in
1105 736 1198 802 codd.
1212 759 1289 801 non-

192 836 286 900 nullis
300 863 337 911 τι,
353 837 384 900 in
400 838 467 903 aliis
481 866 528 904 τοι
542 839 702 926 scriptum.

234 959 286 1021 49.
303 940 408 1004 ἅπαντ’
424 941 558 1026 έπρόχθη
572 943 653 1021 πλὴν
675 949 772 1008 θεοῖσι
792 943 954 1026 κοιρανεῖν]
974 944 1091 1007 Omnia
1098 945 1209 1025 ficta,
1224 944 1246 1005 i.
1262 963 1288 1006 e.

187 1043 355 1127 permisso,
378 1045 564 1108 nobiseum
585 1054 799 1132 praeterquam
822 1045 886 1108 diis
908 1046 1076 1130 imperare.
1121 1043 1291 1130 Sophocles

193 1143 305 1229 fragm.
320 1164 370 1226 94.
388 1144 487 1231 (apud
512 1145 600 1209 Stob.
617 1146 726 1211 Floril.
747 1149 816 1222 106,
836 1147 899 1227 11.)
917 1146 951 1209 οὐ
965 1150 1042 1227 χρῆν
1063 1144 1124 1210 τόδ’
1140 1148 1214 1209 οὕτω
1229 1147 1291 1208 δαί·

193 1270 286 1322 μσνσς
306 1251 419 1325 θνητῶν
433 1248 501 1330 πέρι
521 1247 677 1328 πρόσσειν.
717 1247 819 1311 Verba
834 1246 954 1324 similia,
969 1246 1121 1310 sententia
1136 1246 1292 1310 dissimilis

194 1345 279 1432 apud
302 1348 491 1435 AEschylum
515 1352 651 1414 Eumen.
675 1368 745 1434 125.
765 1351 797 1413 τέ
813 1374 864 1412 σοι
887 1348 1051 1431 πέπρακται
1073 1353 1192 1430 πρᾶγμα
1211 1348 1291 1427 πλὴν

195 1451 312 1531 τεύχειν
327 1451 418 1524 κακό;

238 1569 291 1633 51.
315 1551 431 1632 ἔγνωκα
445 1557 546 1617 τοῖσδε
566 1553 670 1617 κούδὲν
684 1554 835 1617 ἀντειπεῖν
850 1552 925 1638 ἔχω]
947 1550 1096 1615 Notanda
1110 1550 1293 1635 exquisitior

197 1651 362 1715 verborum
377 1651 538 1717 collocatio
552 1677 610 1740 pro
626 1654 742 1736 ἔγνωκα
763 1655 812 1718 καὶ
830 1652 922 1717 τοῖσδ’
939 1654 1027 1717 οὐδέν
1047 1654 1198 1717 ἀντειπεῖν
1220 1654 1291 1735 ἔχω,

198 1753 237 1816 de
250 1776 314 1839 qua
328 1753 458 1841 exposui
481 1753 522 1818 ad
538 1754 702 1840 Aristoph.
720 1755 860 1818 Acharn.
877 1754 948 1835 884.
965 1753 1051 1818 etad
1072 1754 1185 1840 Eurip.
1202 1754 1292 1819 Med.

202 1856 271 1919 182.

239 1971 291 2041 52.
307 1960 402 2036 δεσρδ
417 1956 505 2042 τῷδε]
523 1961 597 2042 τῷδε
611 1960 706 2036 δεσμὰ
722 1959 771 2019 Μ.
783 1956 898 2043 aliique
913 1955 1063 2020 nonnulli.

240 2078 294 2144 53.
310 2057 482 2142 ἐλινύοντα]
500 2057 633 2123 Codices
648 2057 789 2144 plerique
804 2060 988 2122 έλιννόοντα.

241 2180 294 2243 54.
318 2160 435 2248 ψάλια]
460 2162 637 2224 Paucorum
664 2159 806 2223 codicum
831 2159 907 2224 vitio
932 2174 1005 2224 sunt
1030 2160 1161 2243 ψάλλια,
1188 2161 1294 2243 ψέλια,

201 2262 327 2344 ψέλλια.

243 2365 297 2445 56.
313 2363 461 2445 ῥαιστῆρι]
477 2361 637 2446 Ῥαιστῆρα
652 2363 794 2444 κρατερὸν
810 2360 950 2426 Vulcano
965 2360 1075 2425 tribuit
1091 2363 1188 2426 Hom.
1207 2362 1246 2426 Il.
1259 2369 1295 2438 Σ,

202 2480 276 2547 477.
300 2466 400 2527 SCH.

244 2566 374 2651 πέτραις]
388 2567 497 2647 πέτρας
510 2567 575 2631 duo
588 2565 680 2631 codd.
1291 2642 1294 2649 ,

245 2684 297 2752 59.
320 2669 428 2750 πόρους
449 2668 627 2733 restitutum
646 2690 685 2730 ex
707 2666 862 2753 Dionysio
877 2667 952 2732 Hal.
972 2670 1014 2730 A.
1031 2668 1073 2732 R.
1091 2685 1121 2750 7,
1137 2669 1190 2753 36.
1207 2669 1297 2732 Mar·

202 2768 313 2832 cellino
334 2769 365 2832 in
388 2768 452 2833 vita
475 2769 625 2856 Thucyd.
652 2792 684 2855 p.
700 2769 764 2845 viii,
781 2770 810 2832 8.
832 2769 882 2833 ed.
899 2768 999 2833 Behh.
1024 2776 1070 2855 (p.
1088 2789 1118 2847 α,
1135 2791 1166 2853 9.
1191 2769 1296 2852 Dulr.)

203 2870 365 2935 scholiasta
380 2871 602 2956 Aristophanis
616 2870 655 2934 ad
672 2870 784 2956 Equit.
802 2873 875 2953 756.
910 2871 999 2935 Libri
1015 2874 1109 2953 πόρον
1126 2872 1197 2954 (nisi
1211 2872 1297 2959 quod

204 2972 269 3036 duo
289 2973 381 3037 codd.
403 2975 523 3053 τρόπον,
547 2995 630 3035 unus
652 2973 797 3053 τρόπων),
820 2972 1029 3038 consentiente
1056 2973 1187 3059 Synesio
1209 2973 1298 3060 epist.

207 3093 279 3156 147.
293 3098 328 3162 p.
342 3075 402 3138 288
418 3077 462 3138 A.

247 3180 299 3241 60.
322 3177 447 3262 ἄραρεν]
469 3174 638 3256 Ἧρμόσθη,
659 3172 805 3255 ἣπαγέως
828 3174 946 3239 δέδεται
964 3176 1100 3261 explicat
1119 3176 1299 3263 Hesychius

205 3277 290 3341 haud
310 3277 407 3341 dubie
427 3300 465 3340 ex
489 3276 549 3340 hoc
569 3276 638 3362 ipso
659 3278 735 3339 loco.
773 3278 882 3357 ἄρηρεν
900 3276 1048 3362 scriptum
1068 3301 1120 3363 ap.
1142 3279 1297 3342 Joannem

206 3379 296 3443 Diae.
310 3379 342 3443 in
358 3378 490 3442 Hesiodi
512 3382 599 3443 Scut.
617 3395 690 3460 271.
712 3377 767 3463 qui
784 3377 927 3440 Atticum
949 3401 1014 3440 esse
1035 3378 1177 3463 perhibet
1193 3381 1299 3461 ἄρηρα,

206 3481 292 3567 quod
309 3481 425 3545 Ionicae
439 3479 561 3543 dialecti
577 3503 642 3543 esse
657 3494 786 3542 constat.

249 3585 302 3648 62.
319 3583 392 3649 Διὸς
407 3581 602 3665 νωθέστερος]
621 3581 803 3660 νωθέστερος
819 3581 892 3646 Διός
907 3580 989 3643 Rob.

249 3688 300 3749 66.
322 3685 400 3767 αἰαῖ]
426 3683 626 3747 Scribebstur
641 3681 672 3746 αἲ
691 3685 731 3746 οἵ.
766 3682 892 3745 Veteres
914 3686 979 3747 αἰαῖ
996 3683 1185 3770 conjunctim
1208 3686 1302 3772 scrip-

207 3787 279 3851 sisse
293 3809 332 3850 ex
349 3785 525 3852 Herodiani
548 3784 627 3849 libro
641 3784 708 3865 περὶ
721 3783 865 3864 μονήρους
883 3784 992 3862 λέξεως
1013 3808 1044 3871 p.
1060 3804 1112 3868 27,
1128 3806 1178 3870 13.
1194 3787 1301 3872 cogni,

207 3904 312 4055 ιωέτιέῧν
326 3993 401 4070 ὕπερ
415 3989 524 4073 στένω]
543 3987 744 4052 Scribebatur
759 3993 822 4050 σῶν
835 3988 1015 4068 ὑπερστένω.

251 4112 302 4176 73.
325 4093 376 4176 γε]
403 4090 500 4154 Pauci
515 4089 605 4155 codd.
625 4116 662 4153 σε
684 4089 733 4152 vel
758 4091 790 4152 δὲ
812 4087 861 4151 vel
887 4089 1012 4153 duabus
1031 4087 1214 4154 lectionibus
1232 4115 1305 4159 cone

203 4193 321 4279 junctis
342 4192 380 4275 γέ
400 4218 447 4255 σε.
493 4192 544 4256 Sic
566 4192 652 4279 apud
675 4190 789 4276 Eurip.
807 4189 919 4253 Phoen.
935 4192 1009 4252 610.
1025 4189 1074 4253 καὶ
1089 4200 1254 4256 κατακτενῶ
1268 4221 1305 4277 γε

209 4298 280 4375 πρός
293 4292 467 4359 duocodd.
483 4319 529 4370 σε,
547 4293 601 4356 ubi
616 4291 678 4355 vid.
696 4294 826 4356 Porson.

253 4415 303 4477 74
329 4395 416 4467 κάτω,
440 4394 534 4473 σκέλη
559 4394 606 4478 δὲ]
635 4393 713 4458 κάτω
735 4395 767 4457 δὲ
790 4391 883 4471 σκέλη
905 4390 988 4454 Rob.
1027 4394 1245 4472 Prometheus
1271 4413 1307 4460 ut

209 4496 344 4573 videtur,
359 4495 390 4559 in
407 4495 495 4581 rupis
508 4495 618 4560 fissura
632 4494 800 4560 crucifixus
820 4509 877 4571 est,
892 4492 1034 4558 distentis
1055 4492 1200 4559 manibus
1221 4498 1309 4585 pedi-
