2978 5062
530 369 597 430 AD
621 370 979 435 PROMETHEUM.
1260 374 1303 436 23

205 547 359 596 manente.
407 537 627 602 Prometheum
645 561 718 601 vero
734 539 873 626 Jupiter,
888 539 986 604 iratus
1008 541 1093 626 quod
1110 565 1214 605 secum
1231 565 1302 606 con-

204 631 272 696 silio
287 650 318 697 et
332 635 446 700 astutia
461 638 679 714 contendisset,
697 639 877 703 firmissimis
891 641 1094 726 compedibus
1109 642 1301 729 vinculisque

204 732 377 798 durissimis
405 736 445 800 ad
474 737 649 802 columnam
673 736 832 823 alligavit;
865 739 956 825 eique
980 740 1137 826 aquilam⁰
1162 742 1300 821 immisit,

203 833 302 922 hepar
323 837 392 922 ejus
413 839 636 917 comedentem,
658 839 701 904 sic
728 855 762 903 ut
782 856 936 925 quantum
962 841 1097 906 interdiu
1123 843 1301 910 devorasset

203 936 316 1021 aquila,
343 954 437 1002 noctu
463 957 655 1004 recresceret.
701 941 757 1005 Ab
780 942 837 1007 hac
859 959 945 1028 peste
968 944 1190 1029 Prometheum
1215 947 1299 1010 Her-

204 1038 288 1103 cules
303 1039 456 1118 liberavit,
472 1065 608 1127 eumque
623 1065 694 1106 cum
710 1046 795 1106 Jove
809 1043 839 1106 in
854 1045 986 1129 gratiam
1003 1045 1140 1108 reduxit.

248 1141 335 1205 Huic
360 1141 457 1227 igitur
478 1143 595 1208 fabulae
618 1145 777 1207 veritatem
800 1144 936 1230 aliquam
960 1145 1136 1209 historicam
1160 1147 1298 1224 subesse,

200 1243 266 1327 jum
282 1243 354 1308 oiim
370 1245 425 1329 qui
439 1246 600 1311 crederent
615 1268 676 1309 non
693 1246 871 1310 defuerunt.
917 1246 1102 1311 Herodorus
1123 1249 1203 1312 enim
1225 1272 1296 1335 pro-

203 1344 305 1409 didisr
335 1349 555 1413 Prometheum
587 1371 689 1435 regem
720 1348 816 1411 fuisse
851 1349 1052 1433 Scytharum,
1084 1373 1192 1435 quem,
1225 1374 1296 1414 cunr

202 1447 336 1512 subditis
364 1450 480 1514 victum
507 1450 646 1536 praebere
671 1472 731 1512 non
758 1465 871 1535 posset,
896 1464 1061 1535 propterea
1086 1450 1172 1536 quod
1195 1449 1299 1518 Ἀετὸς

200 1546 316 1611 fluvius
329 1572 421 1635 agros
434 1550 651 1627 inundaverat,
668 1551 794 1636 Scythae
808 1550 839 1612 in
856 1551 980 1614 vincula
994 1551 1190 1636 conjecerint.
1215 1553 1298 1615 Her-

200 1651 301 1714 culem
318 1674 401 1729 vero,
422 1676 492 1716 cunr
516 1653 547 1715 in
571 1654 644 1716 istas
666 1653 805 1738 regiones
823 1652 966 1728 venisset,
982 1651 1112 1716 fluvium
1134 1652 1243 1717 Ἀετὸν
1264 1654 1295 1716 in

200 1774 286 1816 mare
308 1740 474 1818 deduxisse
496 1755 593 1836 (uude
614 1754 721 1818 occisae
742 1752 856 1838 aquilae
878 1772 947 1816 orta
969 1753 1006 1815 sit
1031 1753 1149 1835 fairnin)
1168 1756 1297 1818 Prome-

200 1853 373 1940 theumque
400 1856 530 1920 vinculis
559 1856 710 1920 liberasse.
756 1855 905 1920 Similiter
927 1858 1085 1939 Agroetas
1114 1857 1145 1918 in
1176 1856 1296 1920 decimo

200 1955 292 2018 tertio
309 1957 524 2042 Scythicorum
548 1958 627 2020 libro
641 1961 806 2030 narrante,
823 1956 951 2020 flumine
966 1956 1019 2020 iilo
1032 1956 1126 2043 Ἀεπῷ
1144 1959 1294 2045 optimam

199 2072 232 2119 et
246 2057 463 2122 fertilissimam
480 2059 659 2124 Promethei
674 2074 785 2122 terram
801 2058 945 2121 afflictam
963 2057 1076 2132 fuisse;
1101 2060 1173 2123 inde
1195 2074 1295 2124 ortam

200 2180 265 2222 esse
284 2158 422 2222 fabulam
442 2158 482 2223 de
504 2161 616 2246 hepate
637 2161 706 2246 ejus
727 2161 767 2224 ab
789 2160 895 2245 aquila
916 2159 1080 2245 depasto¹;
1103 2162 1183 2243 ἦπορ
1201 2162 1296 2241 enim,

200 2260 282 2324 sicut
303 2263 405 2342 οὖθαρ,
427 2285 446 2325 a
467 2262 573 2326 multis
597 2262 659 2326 dici
681 2271 799 2326 terram
808 2261 1027 2345 fiectuosuut.
1075 2263 1157 2324 Cum
1181 2262 1295 2326 deinde

200 2361 356 2426 Hercules
369 2363 458 2428 fossis
472 2386 586 2450 aquam
601 2362 778 2433 derivasset,
795 2361 827 2424 id
842 2359 1010 2424 narrationi
1025 2360 1065 2423 de
1080 2361 1166 2424 eaede
1180 2362 1295 2447 aquilae

198 2476 230 2525 et
251 2461 431 2528 liberatione
452 2463 631 2528 Promethei
653 2485 711 2548 per
735 2460 904 2525 Herculem
928 2460 1011 2524 facta
1033 2459 1135 2524 locum
1162 2461 1293 2528 dedisse.

200 2565 316 2629 Verum
338 2566 419 2629 enim
437 2590 522 2644 vero,
543 2567 610 2630 haec
631 2565 736 2628 omnia
758 2563 857 2650 magis
879 2562 1053 2627 historicam
1077 2565 1193 2629 fabulae
1215 2567 1295 2630 anti·

198 2667 315 2753 quioris
337 2667 634 2754 interpretationem,
650 2688 745 2753 quam
760 2665 872 2729 veteris
890 2664 1022 2752 alicujus
1042 2667 1198 2731 memoriae
1214 2668 1292 2732 veri·

198 2784 305 2848 tatem,
320 2770 497 2835 recentioris
510 2769 627 2835 fabulae
642 2790 765 2833 causam
787 2768 918 2854 prodere
934 2767 1087 2833 videntur.
1134 2769 1291 2854 Equidem

197 2869 373 2935 historicam
388 2895 550 2957 personam
566 2871 661 2936 fuisse
677 2869 899 2934 Prometheum
916 2869 968 2932 vix
990 2870 1183 2935 crediderim.
1230 2871 1291 2936 Sed

196 2972 313 3057 primae
327 2973 367 3036 de
383 2975 571 3038 Prometheo
584 2972 707 3037 fabulas
719 2971 971 3036 comminiscendi
985 2971 1120 3057 origines
1134 2973 1175 3036 ab
1189 2973 1293 3038 obser-

196 3073 320 3137 vatione
342 3073 596 3162 philosophorum
620 3075 803 3162 repetendas
825 3096 890 3137 esse
912 3072 1066 3149 existimo,
1088 3073 1144 3159 qui
1166 3075 1291 3153 artium,

196 3173 338 3260 inprimis
366 3175 457 3261 ignis,
482 3176 689 3240 inventionem
718 3180 753 3262 τῇ
782 3177 945 3258 προμηθείᾳ
970 3174 1076 3237 deberi
1105 3174 1291 3241 docuissent.

197 3279 292 3341 Hanc
305 3277 419 3342 deinde
433 3278 613 3360 προμήθειαν
627 3290 740 3364 poetae,
756 3300 835 3363 quos
857 3277 1073 3363 prosopopoeia
1089 3277 1178 3340 unice
1193 3277 1292 3342 delec-

195 3379 254 3442 tari
270 3395 378 3444 notum
393 3394 450 3456 est,
464 3380 495 3442 in
510 3402 673 3466 personam
689 3394 862 3453 mutarunt,
879 3377 969 3462 eique
984 3378 1163 3441 Promethei
1180 3401 1290 3443 nomen

194 3481 387 3545 indiderunt.
433 3483 477 3544 Et
491 3482 637 3567 quoniam
653 3482 833 3564 προμηθείας
853 3502 876 3541 s.
892 3477 987 3541 animi
1008 3477 1151 3542 sollertiae
1171 3478 1290 3565 duplex

226 3693 241 3722 ⁰
254 3683 391 3732 Nonnullae
402 3685 520 3732 rulhsrem
530 3684 552 3733 ei
563 3685 698 3732 immissum
705 3682 810 3741 linxisse,
821 3680 942 3743 colligitur
948 3695 979 3727 ex
987 3679 1026 3728 his
1037 3679 1143 3728 Petronii
1155 3680 1291 3730 versiculis:

457 3765 505 3822 Qus'
516 3765 599 3812 mahar
604 3765 676 3825 jectar
685 3765 795 3811 intimem
805 3769 917 3825 pererrat

454 3847 489 3892 Et
497 3851 580 3907 pectus
590 3845 671 3905 trahit,
683 3844 914 3907 intinsasqaefihras,

455 3929 515 3975 Non
525 3934 567 3986 est,
578 3942 646 3988 quem
657 3927 729 3987 lepidi
739 3932 823 3974 vocant
832 3931 915 3986 poete,

455 4009 502 4056 Sed
511 4009 587 4056 cordis
597 4009 671 4066 mola,
681 4008 742 4054 livor
750 4013 821 4069 atque
832 4007 911 4052 laesas.

225 4099 240 4136 Ρ
253 4087 327 4137 Teste
338 4088 446 4136 Eudocia
456 4088 483 4135 in
492 4087 569 4152 Ἰονιᾷ
579 4104 602 4150 p.
614 4087 671 4148 34⁶·
813 4097 828 4135 c
840 4086 902 4133 lbid.
914 4099 938 4146 p.
950 4095 1006 4143 347.
1145 4091 1156 4118 ¹
1168 4081 1290 4132 Diodorus

192 4169 288 4218 Siosius
302 4177 385 4218 sutem
397 4183 418 4228 r,
430 4183 467 4233 ¹9·
479 4179 571 4227 narret,
582 4169 653 4217 istam
670 4167 853 4216 inundationem
865 4165 917 4212 Nili
930 4163 1004 4212 fuisse
1014 4162 1041 4210 in
1054 4162 1167 4224 AEgypto,
1179 4164 1218 4210 cui
1235 4175 1289 4212 trrm

193 4249 354 4298 Prrmetheas
365 4249 465 4310 imperio
479 4249 618 4310 praefuerit3
635 4248 768 4310 Nilumque
785 4247 840 4294 inde
857 4260 945 4293 nomen
960 4242 1046 4305 equile
1062 4241 1178 4304 accepisse
1192 4254 1290 4305 propter

190 4329 337 4379 celeritatem
348 4328 496 4391 irruptionis.
515 4328 644 4378 Herculem
656 4328 742 4377 deinde
751 4327 854 4376 flurium
865 4327 891 4373 iu
903 4325 1016 4388 pristinos
1024 4323 1071 4372 siri
1081 4323 1142 4371 fines
1150 4323 1288 4373 coercuisse.

146 4432 154 4450 e
193 4410 280 4459 Posses
295 4410 367 4458 istem
383 4424 435 4458 reos
454 4425 470 4456 s
488 4409 627 4458 (ireoomrn
643 4407 718 4471 poetis
735 4409 766 4457 ad
786 4406 892 4456 nouam
908 4407 939 4455 de
957 4404 1046 4468 equile,
1066 4402 1203 4453 Promethei
1220 4405 1290 4464 jecur

191 4492 341 4552 depascente,
352 4491 471 4540 aeonem
481 4505 539 4540 esse.
