2978 5062
279 304 344 367 304
639 303 1016 368 ANNOTATIONES

272 473 392 559 pontia.
420 471 518 534 SCH.
559 475 682 535 Κόλπσν
704 472 906 553 Προποντίδος
928 482 1018 534 vocat
1040 466 1195 554 Apollon:
1217 466 1327 531 Rbod.
1353 489 1382 545 1,

280 572 552 657 983.131.0M1.

324 675 396 755 878.
434 676 587 758 στόμωμα]
625 674 795 750 latrum,
821 673 952 758 firocea.
1015 669 1161 757 Intellige
1198 670 1381 755 Bosporum

280 775 482 840 Thracicum.
530 776 581 840 Sic
596 775 710 861 Eurip.
727 774 824 837 eres.
838 776 913 858 436.
928 773 988 852 ἥκω
1002 772 1137 853 περάσας
1152 773 1239 836 ναυσὶ
1253 775 1382 837 πόντιον

277 881 386 958 στόμα.
407 876 834 965 Apollon.Rbod.1,1114
858 876 981 957 φαίνετο
1004 873 1027 937 δ’
1051 875 1156 954 ἠερόεν
1177 875 1275 954 στόμα
1298 880 1380 936 Βοσ-

278 983 379 1062 πόρου.
404 981 537 1067 Dionys.
560 978 769 1064 Perieg.140.
792 981 827 1062 τῇ
850 975 873 1039 δ’
898 976 946 1039 ἔτι
969 974 1112 1072 Θρηΐκιον
1138 977 1235 1055 στόμα
1256 978 1379 1039 Βοσπό-

277 1108 341 1164 ρου.
379 1081 540 1146 Theocrit.
572 1098 624 1158 22,
656 1081 707 1143 28.
742 1080 898 1159 νιφόεντος
926 1077 1090 1158 άταρτηρδν
1118 1080 1215 1158 στόμα
1244 1079 1380 1141 Πόντον.

280 1184 455 1247 BLOMF.
1465 1169 1475 1189 ’

322 1287 463 1366 στόμωμα
478 1287 527 1349 Μ.
545 1299 577 1348 et
599 1296 661 1347 tres
682 1282 733 1347 alii
752 1303 824 1345 cum
843 1279 927 1345 Rob.
950 1283 1047 1360 στόμα
1067 1279 1158 1345 oodd.
1178 1280 1323 1367 plerique
1346 1295 1379 1345 et

278 1386 357 1451 Ald.
375 1389 478 1451 Tum.

323 1505 396 1588 879.
411 1505 456 1592 αδ]
473 1507 504 1567 αδ
520 1501 710 1567 Brunckius.

322 1608 397 1668 κατὰ
422 1604 510 1686 πρῶν’
537 1606 624 1668 όλιον
645 1603 846 1687 περίκλυστοι]
872 1603 982 1666 Iunnit
1004 1601 1196 1688 peninsulam
1221 1603 1375 1681 ionicam,

278 1704 362 1769 Chio
375 1703 562 1790 oppositam.
586 1704 759 1766 BLOMF.

321 1824 397 1907 883.
413 1825 461 1887 οἵα
477 1822 672 1887 Schuetzius.
695 1823 745 1886 οῐα
759 1823 865 1910 vulgo.

323 1942 362 2006 88
364 1959 395 2028 5.
414 1942 563 2026 Melitonos]
580 1942 692 2006 Μίκων
706 1941 825 2028 aliquot
838 1942 929 2006 codd.
945 1957 977 2006 et
991 1942 1073 2007 Rob.
1099 1944 1229 2010 Μόκονις
1243 1941 1320 2007 Ald.

322 2080 395 2142 888.
407 2077 546 2161 Ἀνδρος]
562 2028 677 2158 &rapiti
693 2078 743 2140 M.

321 2199 393 2283 889.
411 2198 562 2282 ἐκράτυνε]
578 2199 718 2280 ἐκράτυνε
732 2197 809 2262 Ald.
826 2197 908 2261 Rob.

319 2299 483 2381 μεσάκτους
499 2301 584 2363 Α.Β.
606 2298 720 2385 aliique
741 2297 882 2363 nonnulli
904 2320 975 2362 cum
992 2296 1069 2361 Ald.
1088 2297 1171 2361 Rob.
1194 2299 1297 2361 Turn.
1319 2327 1372 2379 με-

276 2403 423 2485 σόγκτονς
443 2401 551 2488 steph.
566 2417 608 2480 et,
626 2412 662 2465 ut
676 2400 809 2480 videtur,
826 2423 899 2487 pars
916 2399 1069 2464 codicum.
1115 2403 1177 2464 Per
1195 2403 1375 2480 μεσακτίους

274 2502 497 2590 iuterpretatur
511 2501 682 2567 scholiasta.
721 2511 740 2542 “
758 2505 944 2568 Μεσοκτίους
958 2501 1055 2587 igitur
1071 2500 1125 2565 has
1139 2500 1255 2565 insulas
1270 2501 1374 2566 dicere

274 2605 378 2690 potuit
406 2618 509 2691 poeta,
534 2604 608 2688 quia
634 2605 729 2682 μέσον
753 2603 986 2690 quodammodo
1011 2603 1152 2667 obtinent
1176 2602 1257 2667 inter
1283 2601 1372 2668 Asiae

278 2705 488 2793 Thraciaque
501 2706 598 2771 άκτάς.
644 2705 815 2793 Epitheton
836 2707 918 2770 enim
938 2706 997 2770 hoo
1016 2706 1057 2770 ad
1073 2708 1230 2770 Lemnum
1251 2722 1283 2770 et
1298 2708 1372 2770 lca·

277 2807 354 2870 riam
379 2823 500 2871 tantum
523 2807 668 2894 pertinet,
691 2822 723 2870 et
744 2808 784 2871 ad
808 2809 855 2871 καὶ
876 2807 979 2873 Ῥόδον
1002 2807 1098 2894 repeti
1117 2809 1176 2872 άπὸ
1198 2812 1250 2871 τοῦ
1272 2815 1373 2872 κοινοῦ

278 2907 371 2971 debet
386 2908 552 2990 ἐκράτυνε.”
575 2911 760 2972 ΗΕΑΤΗ.

323 3010 395 3092 890.
419 3009 496 3095 ἕδος]
512 3010 582 3077 ἕλος
598 3010 707 3097 Stepli.
753 3011 844 3089 Quod
860 3011 968 3098 legisse
985 3012 1109 3076 videtur
1128 3011 1300 3090 scholiasta,
1316 3013 1373 3098 qui

277 3111 392 3194 Ἰκάρου
407 3112 460 3176 τόν
475 3115 610 3177 κλύδωνα
624 3113 854 3197 interpretatur.

322 3215 394 3299 891.
411 3215 458 3279 καὶ
472 3213 588 3300 Ῥόδον]
607 3215 760 3303 Dactylus
775 3238 835 3278 non
852 3215 1000 3279 ferendus
1010 3213 1041 3278 in
1057 3215 1132 3279 basi.
1165 3215 1372 3280 Scribeudum

275 3313 381 3381 Ῥόδον
396 3316 419 3379 τ’
435 3340 506 3381 cum
525 3320 709 3382 Hermanno
724 3317 826 3381 Elem.
842 3318 941 3382 doctr.
958 3332 1047 3381 metr.
1065 3339 1096 3403 p.
1111 3319 1184 3402 364.

321 3418 394 3504 895.
417 3425 585 3499 Σαλαμῖνα,
609 3420 754 3483 nimirum
776 3419 860 3483 illam
884 3418 1013 3496 Teucri,
1034 3433 1153 3506 patrem
1177 3419 1373 3507 patriamque

276 3518 426 3604 fugientis
446 3520 478 3583 iu
502 3522 610 3607 Cypro
632 3520 793 3584 coloniam.
838 3520 919 3585 Inde
940 3521 1078 3585 Athenae
1103 3521 1252 3586 dicuntur
1276 3524 1374 3612 hujus

278 3621 442 3685 Salaminis
455 3625 644 3702 ματρόπολις.
666 3623 767 3685 SCH.

319 3725 371 3787 τᾶς
385 3723 523 3787 A.B.M.
538 3722 661 3809 aliique.
684 3728 734 3803 τῆς
748 3725 853 3810 vulgo.

318 3825 510 3909 ματρόπολις]
525 3828 722 3906 ματροπόλεις
737 3826 786 3887 Μ.
804 3826 907 3892 Viteb.

320 3926 393 4008 896.
410 3933 585 4007 στεναγμῶν
601 3929 813 3991 Hermannus.
836 3929 1048 4011 στεναγμάτων
1063 3931 1142 3995 libri.

320 4027 393 4111 898.
407 4025 537 4090 Ἰαόνιον
552 4029 762 4092 Hermannus.
809 4031 992 4116 Legebatur
1004 4031 1121 4097 Ἰόνιον.

321 4129 396 4213 899.
421 4127 593 4214 Ἑλλάνων]
615 4128 775 4210 Ἑλλήνων
797 4130 875 4196 Ald.
903 4134 1006 4196 Turn.
1053 4133 1258 4198 Scribendum
1286 4137 1375 4198 ἐλαύ-

276 4253 338 4292 νων
373 4253 412 4293 ex
451 4230 600 4295 Cantabr.
643 4232 790 4311 secundo,
833 4233 939 4299 Guelf.
981 4234 1110 4322 aliisque
1147 4235 1305 4300 nonnullis
1342 4249 1375 4300 et

277 4330 360 4394 Rob.

320 4432 474 4518 ἐκράτυνε]
493 4434 650 4516 ἐκράτυνεν
664 4437 714 4499 Μ.
741 4436 879 4501 Verbum
895 4437 953 4501 hoc
967 4437 1036 4525 ejici
1048 4438 1147 4505 voluit
1159 4440 1373 4516 Hermannus.
