2978 5062
265 337 309 405 66
628 340 1008 406 ANNOTATIONES

307 505 388 594 μηδ’]
404 506 469 589 μήδ’
485 509 625 574 Α.Β.Μ.
640 507 766 595 aliique.
788 505 894 596 Vulgo
906 507 983 591 μήτ’.

307 610 381 696 438.
404 609 678 697 προυσελούμενον]
695 609 829 676 Codioes
848 610 991 699 plerique
1003 623 1036 676 et
1049 608 1129 675 Ald.
1145 609 1231 675 Rob.
1250 609 1358 699 Steph.

263 712 517 793 προσελοιίμενον.
554 710 653 776 Pauci
677 713 933 794 προσηλοιίμενον,
956 736 995 777 ex
1020 735 1085 799 qun
1107 726 1291 798 corruptum
1315 726 1363 776 est

263 815 556 894 προσσιλλούμενον,
572 814 656 900 quod
672 813 769 879 habet
784 815 887 880 Turn.
919 815 971 878 Ex
988 815 1038 877 M.
1052 814 1183 878 affertur
1195 816 1363 896 προσεηλύ-

261 940 363 996 μενον.
401 916 515 980 Veram
543 915 727 1002 scripturam
752 918 1014 999 προυσελούμενον
1043 919 1203 981 Poraonus
1226 915 1362 980 restituit

262 1016 376 1082 collato
397 1018 508 1103 Etym.
530 1019 580 1082 M.
603 1041 634 1104 p.
648 1019 723 1103 690,
742 1037 791 1082 ιι.
815 1017 1023 1101 Προσίληνοιι
1047 1022 1228 1099 προυσελεῖν
1250 1014 1361 1103 (vulgo

261 1121 479 1201 προυσελλεῖν)
495 1119 623 1202 λέγουσι
643 1120 678 1183 τὸ
698 1123 839 1202 ὑβρίζειν
863 1121 911 1185 καί
931 1125 961 1187 ol
979 1123 1129 1204 Ἀρκιίδες,
1146 1123 1247 1201 ἐπειδὴ
1260 1127 1360 1186 λοιδο-

261 1224 376 1302 μητικοί
387 1224 475 1287 εἰσιν·
497 1224 589 1288 οὕτως
603 1225 637 1286 ἰν
650 1222 836 1302 ὑπομνήματι
849 1223 1030 1306 Προμηθέως
1044 1224 1203 1304 δεσμιίτον.
1226 1236 1258 1288 et
1272 1224 1360 1288 reati-

261 1335 366 1387 tuerat
387 1323 436 1387 vir
455 1322 568 1389 doctus
592 1323 626 1387 in
649 1323 789 1410 margine
814 1324 999 1411 exemplaris
1022 1325 1250 1391 Needlramiani
1272 1325 1359 1412 apud

262 1423 497 1503 Blomfieldum,
520 1423 632 1490 collata
655 1425 759 1512 glossa
780 1426 934 1512 Hesychii
955 1433 1152 1509 προυγελεῖνι
1174 1429 1358 1508 προπηλακί-

260 1534 332 1604 ζειν,
356 1527 497 1608 ὑβρίζειν,
519 1527 607 1614 quod
631 1533 811 1611 προυίελεῖν
835 1551 908 1593 cum
933 1529 1093 1616 digamma
1116 1528 1266 1616 scriptum
1293 1551 1360 1592 esse

261 1624 388 1691 videtur
402 1628 598 1693 Buttmanno
615 1628 718 1694 Lexil.
733 1628 795 1695 vol.
808 1648 839 1695 a.
853 1653 885 1717 p.
905 1634 974 1696 161.
1009 1629 1177 1717 Vulgarem
1193 1629 1280 1694 verbi
1295 1630 1359 1694 for-

261 1746 345 1792 mam
366 1727 428 1794 alia
447 1731 566 1818 praebet
587 1729 689 1818 glossa
704 1732 856 1820 Hesychii
872 1738 1030 1816 Προσελεῖ
1043 1730 1156 1814 (codex
1177 1731 1356 1814 προσίλει)ι

260 1835 482 1913 προπηλακίζει.
507 1832 713 1920 Aristophani
728 1836 812 1900 Ran.
828 1851 902 1921 730.
919 1834 973 1900 ubi
987 1834 1230 1917 προσελοίμενον
1243 1831 1359 1897 violato

260 1946 361 1998 metro
385 1933 558 2023 legebatur,
580 1940 806 2019 προυσελοῦμεν
828 1937 949 2003 restitui
972 1958 1012 2002 ex
1034 1934 1140 2000 codice
1163 1936 1358 2000 Rauennate.

261 2036 326 2099 Pro
339 2058 377 2100 eo
391 2043 615 2120 προυγελοΰμεν
629 2038 779 2127 scripturn
793 2040 881 2128 apud
896 2039 1057 2104 Stobaeum
1073 2033 1185 2104 Floril.
1200 2056 1255 2120 43,
1272 2038 1326 2104 28.

302 2156 377 2218 441.
400 2139 470 2204 ἀλλ’
486 2141 575 2226 αὐτὰ]
599 2143 683 2207 ἀλλὰ
696 2147 789 2208 τοῦτο
801 2141 894 2207 codd.
911 2155 1073 2229 quattuor.
1111 2141 1188 2205 Duo
1208 2138 1260 2204 alii
1275 2141 1358 2204 δλλδ

258 2243 352 2304 ταῦτα
364 2240 432 2319 μίν.

302 2345 471 2428 εἰδυίαισιν]
489 2347 648 2411 οἰδνίοισιν
663 2343 740 2410 Ald.

301 2464 378 2528 442.
393 2449 449 2512 τὰν
461 2448 598 2536 βροτοῖς]
615 2475 662 2530 γρ.
677 2446 702 2512 r’
719 2449 880 2530 δμβροτοῖς
893 2448 934 2511 Β.

301 2548 434 2633 πήματα]
451 2551 621 2630 πταίσματα
634 2550 880 2638 superscriptum
896 2548 928 2613 in
942 2549 982 2614 B.

301 2668 376 2730 444
393 2651 574 2736 ἐπηβόλους]
590 2653 752 2730 ἔπιβόλους
764 2650 856 2717 codd.
870 2650 992 2737 aliquot
1004 2662 1037 2713 et
1050 2646 1129 2712 Ald.
1146 2650 1249 2712 Tum.

301 2753 377 2830 446.
392 2751 446 2836 ὧν]
461 2752 523 2816 οἰσι
536 2753 620 2818 ΑΒ.

302 2852 419 2938 δέδωκ’]
434 2851 516 2917 ἔδωκ’
533 2855 573 2919 F.

301 2974 377 3037 449.
391 2955 518 3042 χρόνον]
534 2960 606 3037 βίον
621 2958 669 3020 Μ.
685 2972 717 3021 et
732 2955 784 3020 alii
801 2952 939 3041 plurimi,
954 2973 994 3016 ex
1009 2949 1202 3039 glossemate,
1219 2965 1255 3016 ut
1270 2950 1356 3018 vide·

259 3069 322 3119 tur.
360 3058 443 3121 Cum
466 3058 620 3146 scriptura
640 3056 770 3145 vulgata
789 3068 988 3141 comparetur
1010 3052 1106 3141 Soph.
1128 3051 1263 3119 Philoct.
1277 3058 1354 3140 30⁶·

258 3160 433 3241 πολλὰγὰρ
448 3158 518 3225 τάδε
533 3163 568 3226 ἐν
581 3165 621 3247 τῷ
635 3164 737 3244 μακρῷ
751 3156 860 3242 γίνοιτ’
876 3156 914 3221 δν
928 3157 1092 3239 ἀνθρώπων
1105 3159 1214 3244 χρόνῳ.

300 3276 377 3344 450.
399 3263 497 3348 κοῦτε]
523 3260 707 3349 Respondet
732 3261 768 3326 οὔ
792 3281 884 3323 versu
910 3258 1072 3346 proximo:
1097 3259 1184 3346 quod
1204 3259 1356 3326 similibus

257 3383 357 3446 quum
374 3363 560 3449 tragicorum
579 3378 646 3429 turn
661 3361 793 3427 aliorum
816 3361 1001 3449 scriptorum
1018 3361 1168 3448 exemplis
1188 3361 1356 3427 illustravit

258 3464 436 3529 Schaeferus
450 3465 490 3531 nd
506 3465 621 3531 Lamb.
637 3466 711 3530 Bos.
726 3463 838 3552 Ellipa.
853 3486 884 3552 p.
898 3483 969 3549 229.

299 3584 375 3646 451.
403 3566 593 3652 προσείλους]
622 3547 792 3649 upon-‘rilem
832 3567 885 3629 Μ.
943 3566 1112 3647 προσήλους
1147 3562 1225 3628 Αἰιί.
1270 3565 1354 3629 Rob.

258 3665 368 3752 Steph.
399 3681 431 3730 ct
461 3668 555 3732 codd.
590 3666 751 3731 nonnulli:
788 3669 966 3751 προσείλους
1006 3664 1151 3753 plerique
1185 3679 1218 3730 et
1248 3665 1354 3729 Turn.

255 3775 278 3806 ‘⁸
292 3769 331 3831 In
355 3768 488 3835 Philost.
509 3769 571 3833 Vit.
597 3766 746 3853 Apollon.
768 3786 796 3846 2,
821 3768 871 3831 18.
896 3764 989 3831 codd.
1012 3766 1133 3831 variant
1157 3766 1239 3830 inter
1260 3770 1354 3849 πρόσ-

257 3879 323 3934 ειλο
349 3883 381 3935 et
406 3870 554 3954 πρόσηλο,
585 3890 720 3955 quorum
752 3866 907 3955 posterius
933 3867 1091 3933 Gruterus
1121 3882 1153 3933 et
1185 3867 1355 3933 Salmasius

255 3986 364 4036 contra
384 3972 557 4060 analogiam
583 3968 768 4058 praeferunt,
790 3970 945 4036 formatur
966 3969 1049 4033 enim
1075 3969 1116 4034 ab
1135 3973 1211 4051 εἰλη,
1228 3993 1289 4035 non
1312 3970 1354 4034 ab

254 4073 357 4151 ἤλιοςε
382 4076 444 4140 vid.
469 4072 639 4140 Ruhnken.
655 4071 695 4138 ad
719 4071 804 4137 Tim.
828 4095 859 4158 p.
879 4075 930 4157 96.
954 4074 1064 4159 Etym.
1089 4074 1138 4136 M.
1160 4095 1193 4158 p.
1210 4074 1285 4157 690,
1305 4092 1353 4157 15.

256 4173 425 4256 Πρόσειλος
447 4180 533 4242 οἰκία.
558 4174 651 4241 Phor.
667 4176 747 4239 Lex.
764 4172 941 4256 Πρόσειλος.
964 4174 1038 4256 πρὸς
1059 4173 1113 4252 τὴν
1132 4179 1185 4238 τοῦ
1197 4175 1286 4254 ἡλίου
1301 4175 1352 4237 αὖ·

254 4275 311 4357 γὴν
327 4280 538 4359 ἐστραμμένος.
564 4279 604 4342 In
617 4276 766 4364 Euripid.
780 4274 933 4340 Phoeniss.
945 4278 1019 4357 674.
1032 4297 1092 4362 pro
1103 4275 1249 4356 εὐηλίοισι
1260 4276 1353 4338 Mus·

253 4380 382 4464 gravius
396 4381 573 4447 emendavit
594 4380 747 4452 εδείλοισι,
763 4392 795 4442 et
817 4380 932 4445 εὖειλος
954 4375 1048 4440 habet
1069 4375 1179 4463 Etym.
1196 4377 1246 4440 M.
1269 4376 1354 4440 Pho-

254 4480 317 4546 tius
332 4498 435 4549 umen
452 4484 578 4561 Βδυλος.
600 4479 726 4560 εὐήκεος.
749 4477 978 4560 Ἀριστοφάνης.
1000 4498 1113 4564 nempe
1128 4477 1161 4541 in
1177 4476 1260 4540 Rau.
1277 4495 1352 4557 ²40·
