2978 5062
253 325 317 390 160
619 326 996 392 ANNOTATIONES

251 490 397 557 admittat
410 510 513 575 neque
528 488 728 554 transmittat.
764 487 912 575 Anglioe,
927 497 959 553 to
972 489 1009 553 be
1024 488 1239 576 water-tlglt‚·
1264 489 1352 576 quod

251 591 292 658 ad
307 590 434 655 hostiles
447 589 552 654 hastas
565 590 698 656 devertit
714 592 898 680 AEschylus.
922 591 1063 680 Hesych.
1080 590 1196 673 Σςέγει.
1219 593 1350 673 κρίιπει,

252 694 385 778 συνέχει.
399 692 554 773 βαστάζει.
569 691 720 772 ὑπομένει.
746 692 828 756 Infr.
845 712 919 760 220.
931 692 1114 773 Δυσμενίοιν
1128 692 1152 756 δ’
1169 695 1266 776 ὄχλον
1279 693 1351 774 mip-

252 822 307 880 γος
320 795 491 877 ἀποσπέγοι.
517 795 588 878 798.
612 793 719 877 Σπίγει
740 798 773 859 δὲ
794 797 916 879 πύργος.
950 795 1063 882 Suppl.
1081 815 1152 880 133.
1167 795 1352 877 λινορραφὴς

251 901 341 980 δόμος
355 899 416 963 ὅλα
430 896 557 980 στέγον.
581 897 756 965 BLOMF.
795 900 934 980 στέργειν
948 897 1067 984 aliquot
1081 895 1173 961 codd.

293 999 440 1080 πολέμιον
453 999 538 1064 Α.Β.
553 998 677 1086 aliique.
700 1000 853 1080 πολεμίων
866 999 974 1086 vulgo.

295 1119 367 1184 217.
391 1100 512 1187 οὔκουν]
539 1101 647 1165 οὐκοῦν
668 1099 750 1166 libri.
788 1100 1008 1187 Interrogandi
1030 1101 1155 1188 signum
1178 1111 1248 1186 post
1273 1104 1350 1162 θεῶν

251 1203 432 1294 ponendum
455 1225 521 1267 esse
538 1201 618 1266 vidit
635 1203 785 1266 Muretus
800 1204 872 1268 Var.
889 1204 980 1268 Lect.
992 1223 1026 1288 5,
1045 1224 1093 1289 ¹9·
1131 1202 1234 1289 Vulgo
1249 1223 1346 1289 punc-

252 1318 321 1373 tum
338 1304 473 1393 positum
487 1317 543 1368 est.
588 1305 711 1390 Magna
731 1319 834 1369 tamen
850 1303 979 1369 offensio
992 1304 1024 1368 iu
1040 1328 1078 1369 eo
1091 1319 1138 1370 est
1151 1304 1239 1392 quod
1254 1304 1351 1367 Eteo-

251 1408 308 1474 clis
328 1407 428 1472 oratio
448 1405 536 1471 chori
558 1405 671 1485 verbis,
696 1404 793 1492 idque
817 1405 850 1470 in
875 1406 977 1470 medio
1003 1429 1093 1471 versu
1116 1421 1224 1471 contra
1248 1405 1349 1491 legem
1461 1461 1466 1469 .

251 1508 436 1595 antiquioris
456 1506 630 1593 tragoedioe,
648 1505 875 1594 interpellatur,
889 1529 990 1594 quum
1007 1506 1143 1594 reliquas
1163 1505 1249 1572 chori
1272 1520 1350 1570 stro·

251 1610 331 1700 phas
346 1609 425 1674 terni
439 1607 595 1694 excipiant
610 1608 742 1673 trimetri
757 1607 904 1674 Eteoclis.
949 1611 1064 1696 Itaque
1081 1609 1132 1675 hic
1145 1631 1273 1695 quoque
1288 1620 1351 1672 tres

251 1735 361 1777 versus
377 1709 556 1779 216-218.
581 1710 703 1776 Eteocli
725 1727 808 1776 recte
829 1711 975 1776 tribuisse
989 1712 1114 1777 videtur
1129 1711 1351 1776 Lachmannus

251 1838 283 1904 p.
301 1833 391 1896 124:
415 1812 469 1877 sed
484 1835 592 1877 versus
607 1831 679 1896 217.
696 1837 804 1880 vereor
826 1837 865 1878 ue
886 1812 1091 1903 interpolatus
1111 1812 1351 1902 agrammatioo

250 1916 358 2003 aliquo
370 1916 421 1981 sit.

295 2021 363 2104 οὖν]
381 2021 455 2084 ὅκκα
466 2016 550 2083 Rob.

294 2121 381 2188 θεοὺς
402 2121 471 2187 τοὺς
492 2124 543 2199 τῆς
567 2121 699 2200 ἀλούσης
722 2118 847 2206 πόλεος]
873 2119 1022 2185 Similiter
1045 2124 1162 2206 Agam.
1183 2141 1259 2207 339.
1282 2121 1351 2189 τοὺς

250 2224 471 2306 πολισσούχους
485 2221 570 2289 θεοὺς
589 2220 595 2308 Ι
613 2222 681 2290 τοὺς
695 2226 745 2301 τῆς
756 2223 885 2302 ἁλούσης
898 2225 1017 2291 πόλεος.
1041 2226 1142 2302 Quem
1152 2224 1253 2289 locum
1265 2247 1349 2288 oom-

250 2323 372 2412 paravit
388 2323 658 2388 Wunderlichius.
705 2324 794 2388 ldem
817 2338 901 2388 recte
923 2325 1043 2390 monuit
1066 2328 1216 2391 ἐκλείπειν
1233 2325 1350 2410 siguifi-

250 2427 371 2492 catione
392 2425 586 2490 intransitiva
601 2425 720 2490 dictum
742 2427 887 2490 accedere
900 2426 1073 2513 significare
1087 2427 1137 2492 vel
1158 2449 1349 2494 evanescere.

252 2529 354 2615 Cujus
377 2552 452 2592 usus
474 2526 618 2614 exempla
637 2528 731 2592 hodie
752 2544 901 2615 petantur
918 2551 957 2592 ex
974 2529 1131 2594 Thesauri
1147 2530 1350 2617 Stephaniani

250 2630 386 2694 editione
401 2628 552 2693 Parisino.
576 2631 709 2693 ἐκλιπεῖν
724 2631 767 2694 Ε.

295 2732 573 2799 θεοὺς-ἐκλείπειν
587 2730 694 2817 λόγος]
714 2731 800 2795 Nota
820 2731 1008 2818 superstitio,
1024 2734 1063 2798 de
1080 2756 1145 2820 qua
1157 2735 1262 2799 omnia
1283 2734 1349 2800 fere

250 2831 325 2898 trita
344 2833 412 2917 jam
438 2855 474 2895 ac
501 2832 694 2918 pervulgata.
720 2834 772 2898 Cf.
795 2833 868 2898 infr.
890 2855 965 2920 304.
988 2836 1110 2923 Virgilii
1133 2838 1210 2903 AEn.
1227 2856 1258 2918 a,
1272 2860 1347 2925 351.

248 2956 321 2998 cum
345 2933 459 3018 Eun'p.
483 2932 619 2997 Troasin
636 2951 685 3018 23.
708 2932 781 2999 olim
806 2936 939 3001 contulit
963 2938 1146 3002 Macrobius
1166 2942 1232 3004 Sat.
1248 2956 1280 3026 3,
1296 2960 1348 3008 aa.

251 3035 331 3112 Quis
351 3034 448 3099 nescit
469 3033 628 3097 historiam
649 3034 689 3099 de
707 3058 794 3114 voce,
808 3060 881 3123 quoe
903 3038 1010 3125 paullo
1023 3054 1096 3104 ante
1118 3040 1348 3131 Hierosolyma

248 3136 404 3202 excidium
441 3159 480 3201 ex
516 3135 615 3221 adyto
640 3137 834 3219 exclamavit,
862 3139 1065 3222 μεθιστάμεθα
1097 3149 1156 3207 τῶν
1185 3147 1347 3210 ἐνιεῦθενί

250 3249 272 3280 “
285 3243 438 3328 Expassae
460 3253 587 3326 repente
608 3239 732 3306 delubri
750 3241 865 3321 fores,''
879 3242 981 3330 inquit
997 3245 1141 3322 Tacitus,
1159 3253 1222 3310 “et
1239 3247 1348 3312 audita

248 3345 350 3431 major
364 3344 502 3408 humana
516 3365 591 3420 vox,
605 3344 769 3408 Excedere
783 3346 888 3409 Deos:
912 3345 1003 3410 simul
1019 3346 1128 3433 ingens
1139 3363 1243 3413 motus
1256 3372 1346 3414 exce·

248 3446 419 3511 dentium.”
442 3446 527 3510 Hist.
540 3461 576 3531 5,
595 3465 645 3532 13.
675 3445 745 3512 Vid.
764 3445 908 3534 Scaliger.
923 3446 964 3512 nd
980 3449 1099 3513 Euseb.
1115 3472 1148 3537 p.
1167 3452 1239 3515 186.
1256 3451 1347 3523 Suid,

247 3571 278 3612 v.
295 3551 451 3616 Κλαύδιος.
476 3546 580 3612 Schol.
595 3548 668 3612 inlr.
683 3549 724 3612 ad
740 3573 769 3613 v.
783 3567 859 3634 304.
878 3553 989 3632 εἴρηται
1010 3554 1043 3615 δὲ
1066 3552 1114 3615 καὶ
1136 3554 1171 3618 ἔν
1185 3554 1346 3636 Ξοανηφό-

246 3675 309 3732 ροις
323 3650 526 3733 Σοφοκλέους,
542 3650 582 3718 ὣς
596 3652 625 3713 ol
639 3652 703 3715 θεοί
717 3650 776 3715 ἀπὸ
790 3654 841 3730 τῆς
854 3649 948 3716 Ἰλίου
963 3651 1108 3734 φέρουσιν
1123 3655 1172 3719 ἐπὶ
1186 3661 1245 3720 τῶν
1259 3657 1347 3737 ὦμον

247 3755 286 3816 τὸ
299 3755 412 3816 ἑαυτῶν
425 3750 530 3830 ξόανα,
547 3754 658 3819 εἰδότες
672 3754 723 3817 ὅτε
737 3754 901 3818 ἁλίσκεται.
926 3754 1100 3820 BLOMF.

292 3853 366 3920 218.
394 3854 519 3939 πόλεος]
552 3854 670 3922 πόλεως
697 3856 748 3920 Μ.
772 3853 888 3942 aliique
912 3870 945 3921 et
971 3855 1050 3922 Ald.
1077 3858 1163 3924 Rob.
1201 3858 1347 3925 Correxit

248 3957 353 4020 Turn.

291 4077 364 4142 219.
378 4059 476 4144 λίποι]
493 4058 595 4123 λείποι
610 4058 661 4122 Μ.
675 4056 800 4144 aliique.

291 4161 688 4245 219-—222=226-229.

292 4279 364 4326 220.
386 4263 550 4345 πανάγυρις
565 4264 605 4326 L.
632 4262 795 4345 πανήγυρις
816 4263 921 4349 vulgo.
956 4262 1011 4331 ἅδε
1033 4267 1134 4331 versui
1158 4268 1345 4355 praecedenti

246 4362 336 4428 addit
358 4364 436 4430 Ald.
459 4366 541 4430 “dds
555 4365 681 4444 dicitur,
701 4365 777 4451 quia
798 4365 830 4430 in
853 4381 1021 4454 conspectu
1040 4384 1129 4436 crant
1151 4370 1282 4436 deorum
1305 4370 1345 4435 si-

247 4464 412 4531 mulacra.”
435 4469 537 4532 SCH.
