2978 5062
537 358 605 418 AD
629 357 816 420 PERSAS.
1163 358 1228 424 289
1290 299 1296 314 ⁸

126 520 239 607 Eurip.
253 522 349 586 Herc.
366 525 404 586 F.
417 540 492 604 740.
506 522 546 586 At
561 522 601 596 al,
618 530 793 604 στεναγμῶν
807 522 864 604 γάρ
879 550 917 602 με
931 526 1110 606 περιβάλλει
1126 526 1226 607 νέφος.

126 623 302 687 BLOMF.
508 681 522 719 ε

169 725 244 806 670.
259 724 400 809 νεολαία]
418 729 542 790 νεολαία
558 729 608 790 Μ.
633 724 742 792 νεολέα
758 726 824 792 duo
838 727 931 790 codd.

168 828 254 911 πᾶσ’]
271 832 329 909 γῆν
346 828 529 915 cantabrig.
550 832 717 906 secuuduS,
732 834 786 911 γῆς
803 828 911 893 Guelf.
953 830 1064 894 Lectio
1077 831 1118 893 ab
1134 830 1227 896 libra·

126 928 179 991 riis
199 929 395 1016 interpolata,
411 953 473 993 non
496 931 816 996 animadvertentibus
831 930 940 995 tinesin
956 931 1043 994 verbi
1064 935 1228 998 κατόλωλε.

127 1030 264 1093 Verbum
282 1032 383 1118 ipsum
400 1056 438 1094 ex
457 1032 617 1095 rarissimis
632 1049 688 1097 est.
716 1033 1005 1119 Pseudo-Gregorii
1019 1050 1050 1098 et
1066 1035 1228 1098 Theodori

128 1132 312 1197 Metochitae
326 1133 471 1220 exempla
486 1134 545 1198 tria
560 1134 697 1199 indicata
711 1136 742 1198 in
760 1136 916 1199 Thesauri
941 1135 1142 1222 Stephaniani
1165 1135 1230 1199 edi·

127 1234 211 1298 tione
227 1234 377 1298 Parisino.

170 1339 270 1401 ὄλωλε
291 1338 340 1399 vel
356 1340 476 1401 ὄλωλεν
494 1339 593 1401 Α.Μ.
609 1337 714 1401 Viteb.
732 1339 882 1402 Cantabr.
908 1355 1049 1426 uterque,
1065 1339 1174 1404 Guelf.
1198 1354 1230 1404 et

128 1465 176 1520 γρ.
193 1439 232 1502 Β.
256 1440 398 1502 ἀπόλωλε
415 1439 521 1525 vulgo·

170 1544 243 1623 671.
259 1540 368 1624 πάτερ]
385 1541 481 1622 πατὴρ
496 1541 575 1605 ΑΜ.
593 1543 697 1605 Turn.
721 1550 819 1624 περῶν
836 1545 942 1630 Mosq.
958 1545 1041 1608 Rob.

129 1760 207 1808 tum.
232 1744 263 1808 αἲ
278 1744 309 1808 αἲ
325 1744 356 1808 αἲ
370 1759 418 1806 ter
434 1746 562 1808 Barocc.
578 1744 654 1808 Ald.
672 1747 755 1810 Rob.

172 1846 355 1927 675-677.
382 1847 413 1907 τί
434 1844 688 1928 τάδε-ἁμάρτια]
718 1847 836 1909 Versus
861 1848 1012 1933 corrupti.
1048 1846 1231 1925 Scholiasta,

127 1946 166 2018 τί,
182 1943 206 2008 ιδ
221 1944 362 2019 δυνάστα,
377 1945 448 2008 τάδε
470 1950 507 2010 τὰ
528 1947 633 2026 δίδυμα
655 1949 703 2010 καὶ
720 1952 811 2011 διπλᾶ
826 1947 953 2029 ἁμάρτια
975 1950 1022 2011 καὶ
1040 1948 1233 2028 ἁμαρτήματα

130 2151 261 2230 Δαρείου
283 2148 440 2230 τριάκοντα
461 2154 643 2232 φονευθῆναι
662 2150 811 2232 χιλιάδας,
836 2157 890 2214 νῦν
917 2153 949 2213 δὲ
970 2152 1019 2213 ἐπὶ
1041 2155 1092 2212 τοῦ
1119 2152 1233 2231 Ξέρξου

128 2249 280 2330 μυριάδας.
303 2248 322 2329 ἦ
345 2252 391 2314 ὅτι
414 2250 528 2332 ’Ξέρξου
543 2252 591 2314 καὶ
607 2252 730 2333 Πέρσου
745 2252 825 2318 τινὸς
848 2252 926 2315 είσὶν
941 2252 1078 2331 ἁμαρτίαι
1101 2252 1148 2314 καί
1164 2253 1233 2316 ᾶτν-

128 2353 193 2433 χίαι
216 2354 400 2433 ἡρμοσμένοι
421 2356 504 2431 ὁμοῦ.
528 2351 598 2431 ἢτδ
617 2356 722 2434 δίδυμα
744 2358 781 2416 τδ
805 2356 839 2416 έν
858 2358 1028 2419 Πλαταιαῖς
1048 2353 1234 2434 γεγενημένα

130 2458 206 2518 sarh
227 2457 276 2520 καὶ
297 2459 334 2518 τδ
357 2459 391 2519 έν
415 2462 572 2536 Σαλαμῖνι.
621 2457 672 2519 Sic
687 2457 758 2519 lere
776 2456 910 2518 Robort.
932 2454 1042 2518 editio:
1067 2454 1098 2516 in
1124 2454 1232 2540 steph.

129 2557 265 2634 accessit,
280 2558 314 2621 τὸ
329 2561 440 2623 δυνάτα
455 2560 521 2622 ἀντὶ
536 2563 588 2621 τοῦ
602 2558 744 2622 δυνάστα.
769 2556 942 2621 Scholiasta
954 2556 1116 2632 recentior,
1129 2559 1233 2636 δίδυμα

129 2656 215 2738 λέγει
229 2662 278 2721 διδ
292 2658 326 2721 τδ
342 2663 416 2722 κατὰ
430 2663 487 2740 γῆν
503 2660 551 2722 καὶ
567 2663 640 2722 κατὰ
655 2659 817 2722 θάλασσαν
832 2662 947 2721 άλῶναι
962 2658 1092 2737 Πέρσας.

173 2761 211 2841 67
214 2775 245 2844 5.
270 2761 380 2824 δυνάτα
398 2760 509 2824 δυνάτα
524 2762 575 2823 Μ.
597 2760 693 2823 etalii
718 2759 868 2824 nonnulli.
902 2760 1012 2824 δυνάτα
1034 2760 1166 2824 δυνάστα
1182 2760 1234 2823 Vi-

132 2861 193 2924 teb.
217 2861 348 2926 δυνάστα
370 2862 502 2926 δυνάστα
526 2863 604 2925 B.C.
628 2861 742 2948 aliique
764 2880 795 2927 et
816 2861 893 2926 Ald.
912 2863 995 2926 Rob.
1013 2864 1116 2926 Turn.
1155 2862 1235 2927 Sitn-

131 2962 203 3049 plex
220 2963 352 3028 δυνάστα
366 2981 412 3027 est
428 2964 458 3027 in
474 2965 517 3027 A.

172 3067 246 3145 676.
262 3067 300 3148 τᾷ
316 3070 356 3148 σᾷ
372 3067 490 3150 δίδυμα]
508 3073 572 3132 ταῖς
588 3069 723 3147 αίδίδυμα
739 3070 788 3132 Μ.
811 3074 848 3151 τᾷ
864 3071 905 3151 σᾷ
919 3092 981 3132 ont.
999 3068 1081 3131 ltob.

174 3170 305 3249 διάγοιεν
321 3168 370 3230 Μ.
388 3182 420 3230 ct
439 3167 560 3231 codices
582 3168 723 3254 plerique
745 3192 816 3232 cum
841 3170 950 3255 Steph.
984 3169 1114 3233 διάνοιεν
1130 3171 1234 3231 Turn.

131 3268 260 3332 διάνοιεν
275 3267 299 3333 δ’
316 3269 393 3332 ΑΙά.
417 3269 567 3350 διάνγοιεν
584 3284 718 3353 utraque
732 3271 885 3354 scripturn
900 3270 1066 3355 conjuncta
1081 3268 1164 3332 Rob.

174 3372 314 3455 ἆμάρτια]
335 3373 407 3434 Hoc
424 3369 576 3433 vocabulo
593 3369 692 3432 utitur
707 3367 880 3454 AEschylus
896 3372 1011 3453 Agam.
1026 3386 1101 3452 537.
1143 3372 1233 3431 διπλᾶ

130 3471 155 3533 δ’
172 3472 276 3536 ἔτισαν
291 3474 454 3553 Πριαμίδαι
469 3471 623 3551 θάμάρτια.

174 3575 248 3659 679.
263 3574 347 3657 πάσα
361 3574 418 3660 γᾷ]
434 3579 518 3636 πᾶσα
533 3577 573 3654 γᾶ
588 3572 674 3635 Rob.

174 3677 214 3759 σᾷ
229 3675 357 3739 accessit
371 3676 402 3737 in
420 3676 542 3737 Turn:
567 3674 717 3737 omittunt
735 3673 864 3750 codices,
883 3689 918 3736 ut
932 3672 1067 3748 videtur,
1083 3671 1187 3735 cuncti
1203 3685 1234 3734 et

132 3776 208 3840 Ald.
227 3777 313 3841 Rob.

172 3879 235 3962 τᾷδ’
253 3880 292 3943 Β.
323 3880 394 3961 τᾷδε
408 3877 529 3941 codices
552 3877 661 3962 reliqui
684 3891 714 3939 et
738 3876 808 3939 edd.
825 3892 897 3940 aute
913 3875 1119 3938 Brunckium.
1158 3874 1232 3936 Μο-

130 3997 214 4046 trum
231 3982 329 4068 hujus
344 4002 451 4045 versus
465 3993 512 4042 est
527 3978 734 4052 molossieum,
751 3978 790 4041 de
812 4002 876 4063 quo
890 3977 955 4040 dixi
978 3978 1017 4039 ad
1043 3974 1138 4060 Soph.
1155 3972 1233 4037 OEd.

131 4083 199 4147 Col.
217 4087 307 4167 1560.
495 4150 516 4179 m

173 4183 325 4267 ἐξέφθινθ’
350 4186 394 4267 αἱ]
421 4180 555 4264 ἐξέφυντ’
577 4185 608 4245 αἱ
632 4183 681 4243 Μ.
723 4179 974 4266 Superscriptrun
999 4205 1027 4242 οι
1049 4191 1232 4263 corruptum

129 4304 176 4350 est
191 4311 229 4350 ex
244 4293 284 4350 θι.

173 4387 365 4470 τρίσκαλμοι]
382 4387 554 4449 Ττὶτιυιστ.
578 4383 713 4460 Κέλητας
724 4379 964 4458 πεντεσκάλμονς
973 4378 1053 4442 dixit
1063 4378 1234 4465 Ephippus

129 4488 216 4574 apud
232 4488 352 4552 Athen.
370 4489 399 4549 8.
417 4509 449 4572 p.
465 4504 527 4569 347
546 4486 585 4548 B.
610 4483 784 4546 BLOMF.

651 4606 705 4644 00
