2978 5062
325 348 393 411 AD
417 348 609 412 SEPTEM
633 349 881 413 ADVERSUS
905 349 1109 413 THEBAS.
1201 352 1265 414 205

159 536 320 602 pecorum.
368 519 490 582 Locum
512 518 590 582 bene
610 519 745 606 explicat
764 517 858 582 schol.
879 521 908 582 οἰ
928 518 1000 591 θεοὶ,
1018 518 1065 582 καὶ
1087 520 1116 581 οἰ
1138 516 1266 582 κάτοικοι

165 622 217 696 τῆς
232 618 376 701 ἡμετέρας
396 619 524 696 πόλεως,
541 622 588 684 καί
609 625 711 688 ἅπλῶς
731 620 841 687 πάντες
862 623 891 684 οἱ
914 621 1075 701 ἄνθρωποι,
1099 625 1185 684 τοῦτο
1208 623 1265 702 γάρ

165 723 254 799 δῆλοί
272 721 316 794 τὸ,
339 724 508 802 πολύβοτος
530 725 602 786 αἰὼν
623 729 751 804 βροτῶν·
778 722 871 803 ἤγουν
891 722 910 799 ἡ
933 721 990 799 ζωὴ
1012 722 1060 784 καί
1082 723 1098 783 ό
1119 723 1187 800 βίος
1206 728 1266 784 τῶν

165 821 328 902 ὀνθριόπων
342 825 359 885 ό
374 824 505 891 πολλοὺς
519 822 648 906 τρέφων,
664 823 682 902 ῆ
696 824 754 887 ὑπὸ
774 829 899 887 πολλῶν
914 821 1163 902 ἐμβατευόμενος,
1178 821 1197 902 ἢ
1216 823 1265 887 ἐπὶ

165 924 243 986 πολὺ
266 923 476 1004 ἐκτεινόμενος.
521 925 619 990 Unde
640 924 738 1010 liquet
765 924 918 1011 quosdam
945 923 1055 1010 legisse
1078 925 1263 1003 πολόβατος.

166 1024 342 1089 BLOMF.

209 1141 281 1210 775.
297 1128 372 1191 dccv
386 1125 445 1191 τότ’
461 1130 607 1192 Οἰδίπουν
620 1130 699 1216 τίον]
718 1127 880 1215 Sophoclis
894 1149 1002 1191 versus
1017 1126 1130 1214 OEdip.
1150 1128 1194 1189 Τ.
1209 1145 1262 1211 31.

166 1251 252 1314 seqq.
266 1243 424 1315 comparat
442 1228 609 1294 Stanleius.

210 1332 282 1411 776.
307 1329 567 1412 ὀναρπαξάνδραν]
587 1330 772 1417 Legendum
795 1335 850 1395 τδν
865 1331 1073 1412 ἁρπαξάνδραν
1087 1352 1160 1393 cum
1177 1330 1261 1393 Her·

167 1453 280 1494 manno
293 1430 381 1518 apud
398 1430 525 1495 Seidler.
540 1430 581 1494 de
596 1455 675 1496 vers.
691 1432 813 1497 dochm.
828 1455 860 1519 p.
875 1451 946 1518 190.

210 1547 283 1617 779.
307 1531 439 1617 ἐγένετο]
462 1533 567 1614 ἔγεντο
588 1532 720 1619 conjecit
737 1534 911 1613 Arnaldus,
930 1559 995 1622 quo
1016 1533 1192 1600 accuratius
1213 1532 1263 1598 hic

165 1656 273 1696 versus
287 1633 511 1721 antistrophico
525 1634 742 1721 responderet:
768 1660 829 1700 non
845 1636 935 1701 male.

209 1736 282 1817 781.
298 1735 464 1819 μαινομένᾳ
478 1737 592 1821 κραδία]
608 1737 698 1801 Libri
714 1738 854 1802 nonnulii
870 1738 1035 1825 μαινομένῃ
1049 1753 1081 1802 et
1096 1741 1207 1822 καρδίᾳ.

208 1837 282 1919 784.
305 1836 552 1922 κρεισσοτέκνων]
572 1838 681 1902 Lectio
701 1855 861 1925 corrupta,
876 1839 907 1902 in
924 1838 1127 1921 κυρσοτέκυων
1142 1853 1264 1903 mutata

165 1937 206 2002 ab
221 1939 406 2002 Hermanno
421 1940 539 2026 Opusc.
555 1939 616 2003 νοΙ.
635 1957 664 2022 7.
682 1962 714 2026 p.
731 1959 802 2053 ¹204.
827 1942 1005 2004 Paucorum
1022 1939 1170 2004 librorum
1188 1938 1263 2003 vitia

165 2055 239 2104 sunt
261 2042 389 2121 κρείσσω
411 2040 532 2114 τέκνων,
555 2040 641 2126 quod
662 2056 709 2105 est
730 2041 761 2104 in
781 2042 824 2103 A.
828 2041 876 2104 M
901 2041 991 2117 Ald.‚
1007 2040 1056 2104 vel
1080 2038 1262 2185 κρεισσόνων

115 2146 122 2158 ’
165 2140 287 2219 τέκνων,
302 2141 388 2227 quod
404 2143 555 2228 expressit
570 2142 654 2207 Rob.

208 2242 362 2329 ὀμμάτων]
379 2244 470 2308 Libri
485 2244 536 2308 alu
552 2244 576 2308 δ
591 2244 740 2325 ὀμμάτων,
757 2244 843 2331 quod
863 2259 909 2308 eat
926 2245 959 2307 in
976 2246 1020 2319 A,
1035 2241 1126 2306 aliit’
1143 2241 1191 2307 ἀπ’
1206 2180 1261 2323 ὀμ-

163 2343 274 2423 μάτων,
293 2344 378 2429 quod
400 2345 515 2410 habent
533 2346 580 2408 M.
597 2344 674 2409 Ald.
696 2347 815 2423 '.‚furn
833 2344 884 2408 alii
902 2344 1038 2430 denique
1057 2342 1107 2408 ἆτ’
1123 2342 1262 2423 ὀμμάτων

164 2467 235 2508 cum
253 2444 336 2510 Rob.
358 2445 514 2531 ἐπλάγχθη
534 2470 605 2511 cum
627 2446 765 2533 genitivo
783 2462 995 2510 constructum
1014 2462 1049 2509 ut
1063 2449 1196 2509 ἀλᾶσθαι
1208 2468 1261 2532 ap.

164 2547 278 2634 Eurip.
296 2549 355 2611 Tr.
371 2551 443 2635 635.
460 2564 491 2614 et
507 2549 635 2613 Pindar.
648 2550 701 2613 Ol.
719 2569 746 2626 ι,
758 2570 810 2634 94.
825 2571 899 2635 quae
913 2547 1056 2634 exempla
1070 2547 1261 2634 comparavit

165 2649 380 2714 Blomfieldus.

207 2754 285 2816 Post
300 2751 456 2837 ἐπλάγχθη
470 2753 539 2818 αοΙο
553 2753 601 2817 ve!
617 2769 770 2818 commate
784 2768 830 2817 est
844 2751 1143 2840 interpungendum.

207 2854 282 2940 785.
308 2855 422 2923 τέκνοις
446 2857 471 2919 δ’
495 2856 613 2941 ὀραίας]
640 2854 845 2920 scribendum
871 2854 1021 2919 τέκνοισιν
1045 2853 1069 2919 δ’
1094 2851 1166 2934 άράς
1188 2876 1261 2918 cum

165 2958 361 3022 Hermanno.

207 3059 279 3141 786.
296 3062 419 3144 ἐφῆκεν]
439 3061 553 3141 ὀφῆκεν
567 3061 686 3146 aliquot
700 3061 794 3125 codd.

206 3163 317 3243 ἐφῆκεν
340 3159 490 3228 ἐπικότους
515 3159 640 3246 τροφάς]
665 3161 846 3241 Scholiasta,
872 3165 1052 3242 ἐπιβλαβεῖς
1077 3164 1110 3225 δέ
1135 3163 1261 3241 ἐντολάς

162 3263 230 3343 περὶ
243 3268 362 3344 τροφῶν
377 3265 487 3344 ἐφῆκεν
503 3263 609 3330 αι’ντοῖς.
655 3262 859 3326 Scribendum
882 3261 1033 3330 ἐπικότους
1055 3267 1167 3343 τροφᾶς
1188 3283 1260 3326 cum

164 3363 342 3442 Schuetaio,
357 3365 413 3450 qui
428 3379 510 3429 recte
524 3364 758 3451 interpretatur,
773 3365 1028 3451 indigueserma
1042 3384 1075 3427 ae
1088 3364 1261 3447 tuleafllioa

162 3464 318 3529 educasse.
377 3465 495 3528 Infelix
525 3464 655 3528 Heathii
685 3465 864 3551 conjectura
893 3466 1028 3531 ἐπίκοτος
1059 3468 1172 3544 τροφάς
1202 3478 1260 3541 est,

107 3621 113 3631 .
163 3579 282 3652 patrem
308 3566 510 3652 intelligentis
538 3567 585 3630 ira
609 3565 768 3631 incensum
799 3579 927 3651 propter
951 3564 1066 3628 victum
1093 3586 1188 3650 quem
1217 3563 1262 3629 illi

161 3689 254 3752 parce
268 3668 449 3754 praebebant
462 3667 533 3732 filii:
557 3690 652 3755 quam
668 3665 955 3754 interpretationem
971 3664 1144 3730 scholiastae
1158 3666 1262 3753 cujus-

161 3768 234 3832 dam
256 3770 456 3835 annotatione
478 3770 519 3834 ad
547 3769 643 3857 Soph.
665 3769 744 3834 (Ed.
771 3768 841 3833 col.
867 3783 957 3854 1375.
979 3767 1153 3832 confirmari
1175 3768 1260 3832 arbi·

161 3883 273 3947 tratur,
290 3878 375 3937 τοῦτο
397 3870 606 3951 ἁπαξάπαντες
625 3875 654 3936 οἰ
673 3871 731 3953 πρδ
751 3873 833 3951 ἡμῶν
846 3872 1119 3951 παραλελοίπασιν.
1143 3870 1207 3953 ἔχει
1229 3873 1262 3935 δέ

160 3976 197 4037 τά
212 3974 272 4038 άπό
290 3978 341 4053 τῆς
360 3976 492 4055 ἱστορίας
512 3976 613 4041 οὕτως.
637 3977 665 4037 οἱ
686 3975 754 4054 περὶ
774 3971 938 4036 Ἐτεοκλέα
959 3971 1007 4035 καί
1022 3971 1211 4048 Πολυνείκην
1225 3970 1260 4034 δι’

160 4074 246 4144 ἔθους
260 4076 382 4159 ἔχοντες
396 4077 435 4161 τῷ
450 4076 538 4156 τατρί
553 4076 690 4139 Οἰδίποδι
704 4075 832 4153 πέμπειν
847 4075 879 4151 ἐξ
895 4069 1021 4135 ἑκάστου
1035 4072 1143 4152 ίερείου
1155 4077 1262 4153 μοῖραν

160 4177 213 4240 τὸν
234 4175 326 4257 ὦμον,
350 4180 545 4257 ἐκλαθόμενοι
567 4178 639 4240 ποτέ
659 4178 718 4240 εἰτε
742 4178 816 4239 κατά
830 4174 987 4258 ῥιγοτόνην
1004 4174 1064 4235 εἰτε
1087 4173 1119 4249 ἐξ
1138 4173 1262 4237 ὁτουοῦν

161 4279 261 4361 ἰσχίον
276 4279 353 4364 αὐτῷ
370 4279 520 4361 ἔπεμψαν.
543 4280 559 4340 ό
576 4280 609 4341 δέ
623 4278 815 4359 μικροψόχως
834 4275 881 4338 καί
903 4272 1014 4339 τελέως
1036 4273 1167 4354 ὀγεννῶς
1189 4275 1263 4354 άρδς

161 4378 245 4443 ἔθετο
268 4377 329 4442 κατ’
353 4379 457 4458 αὐτῶν,
482 4377 569 4458 δόξας
590 4380 865 4459 κατολιγωρεῖσθαι.
890 4379 981 4437 ταῦτα
1006 4375 1022 4435 ό
1045 4373 1099 4452 τῆν
1121 4374 1261 4454 κνκλίιιῆν

162 4479 305 4562 Θηβαίδα
318 4480 445 4560 ποιήσας
460 4484 574 4563 ίστορεῖ
587 4482 678 4566 οὕτως
