2978 5062
514 329 582 392 ΑΙ)
606 324 965 392 PROMETHEUM.
1245 320 1296 392 97'

189 494 358 574 eicelsum,
375 496 459 559 unde
473 496 504 559 in
520 496 679 584 planitiem
694 496 860 561 descensus
873 509 930 559 est.
974 494 1048 557 Jam
1066 491 1114 558 Ioi
1130 493 1197 558 Nili
1216 515 1289 556 cur·

190 620 260 661 sum
285 612 450 676 secuturae,
478 598 603 662 tandem
628 599 659 662 in
686 597 842 683 regionem
865 600 1010 680 τρίγωνον
1031 601 1191 673 Νειλῶτιν,
1214 617 1288 682 quae

190 699 314 785 vulgari
326 699 451 764 nomine
459 698 554 764 Delta
565 699 794 787 appellabatur,
809 700 869 764 iter
878 699 1037 764 decretum
1052 712 1130 776 erat,
1144 698 1201 763 ubi
1214 719 1288 764 cum

190 800 232 866 ad
247 800 359 865 urbem
374 802 539 866 Canobum
559 801 759 889 pervenisset,
776 801 906 889 Jupiter
926 824 994 866 eam
1017 800 1157 886 pristinae
1177 800 1290 864 formae

192 926 229 966 ac
243 903 412 966 valetudini
427 903 629 968 restituturus
642 918 718 967 erat.
737 906 837 968 SCH.
884 903 1059 967 Novissime
1077 902 1117 966 de
1133 904 1190 966 Ius
1203 925 1289 966 erro-

192 1003 281 1068 ribus
295 1003 507 1070 disseruerunt
522 1004 709 1068 Welckerus
724 1004 755 1068 in
771 1005 851 1068 libro
865 1004 905 1068 de
921 1004 1050 1090 trilogiis
1063 1027 1096 1091 p.
1109 1003 1289 1085 127-146.

195 1105 387 1169 Klausenius
400 1106 432 1169 in
448 1105 614 1172 Niebuhrii
631 1107 747 1169 Museo
762 1106 919 1170 Rhenano
933 1104 995 1170 vol.
1009 1127 1042 1192 3.
1059 1129 1089 1192 p.
1108 1122 1289 1191 293-323.

239 1208 313 1288 708.
330 1207 502 1292 στρέψασα]
517 1209 658 1290 τρέψασα
675 1206 776 1271 Viteb.

237 1309 325 1391 γόος]
342 1309 426 1390 γυίας
440 1307 516 1373 Αίά.
533 1309 618 1372 Rob.
633 1332 705 1373 curn
720 1308 840 1396 aliquot
854 1309 945 1373 codd.

241 1427 316 1494 709.
330 1410 444 1497 άφίξει]
461 1411 552 1495 ἀφίξῃ
567 1408 648 1473 libri.

241 1527 315 1593 710.
331 1510 461 1597 ναίοντ’]
478 1509 574 1575 νέοντ’
592 1513 641 1575 Μ.

242 1613 406 1697 εὐκύκλοις]
431 1614 520 1676 Bene
540 1615 664 1677 rotulis.
687 1614 876 1701 Hippocrat.
891 1612 933 1676 de
949 1617 1026 1677 Aer.
1048 1626 1080 1676 et
1098 1614 1163 1698 Aq.
1179 1633 1231 1698 93.
1253 1611 1293 1675 de

198 1714 345 1801 Scythis3
370 1715 507 1794 Νομάδες
528 1717 561 1778 δέ
584 1720 752 1789 καλεῦνται,
768 1716 814 1779 ὅτι
833 1715 887 1779 οὐκ
905 1715 970 1778 ἐστι
985 1723 1042 1797 σφι
1055 1713 1208 1794 οἰκήματα,
1224 1712 1293 1778 ἀλλ’

198 1819 233 1881 ἐν
247 1815 375 1901 ἁμάξῃσι
389 1819 545 1881 οίκεῦνται.
568 1819 599 1880 αί
613 1819 646 1880 δέ
666 1817 777 1897 δμαξαί
797 1821 865 1894 εἰσι,
881 1820 912 1881 αί
933 1819 989 1897 μέν
1011 1816 1171 1899 ἐλάχισται
1192 1815 1294 1896 τετρά-

196 1924 310 1993 κυκλοι,
329 1921 360 1980 ol
377 1920 410 1982 δέ
433 1917 597 1996 ἑξάκνκλοι.
644 1918 694 1983 Sic
717 1919 825 1998 ἅμαξαι
847 1919 1038 2001 τετράκυκλοι
1054 1916 1167 2004 Odyss.
1184 1923 1209 1993 l,
1225 1935 1296 1996 140.

199 2018 355 2084 Herodot.
371 2039 399 2096 1,
415 2020 486 2083 188.
503 2020 679 2083 BLOMF.

245 2138 319 2203 711.
335 2119 538 2207 ἐξηρτημένοι]
553 2120 759 2185 scribendum
770 2120 957 2204 ἐξηρτυμένοι
967 2143 1006 2183 ex
1020 2123 1098 2184 Ar.:
1121 2143 1150 2183 r.
1164 2120 1204 2184 L.
1217 2119 1296 2183 Din-

199 2223 281 2286 dorf.
296 2222 327 2286 in
344 2223 511 2287 Thesauro
528 2223 679 2310 Stephani
695 2223 755 2287 vol.
765 2243 797 2308 3.
813 2246 845 2309 p.
862 2224 952 2306 1263.
993 2221 1133 2307 Vulgata
1143 2221 1298 2308 scriptura

199 2324 302 2388 utitur
322 2325 464 2388 Thomas
487 2327 537 2389 M.
560 2347 583 2387 s.
600 2348 629 2386 v.
651 2324 817 2405 ἐξήρτημαι.
865 2323 916 2387 Sic
931 2322 1018 2408 apud
1033 2321 1184 2409 Thucyd.
1201 2324 1233 2398 6,
1251 2339 1296 2404 17.

196 2428 306 2493 ὅπλοις
321 2425 472 2508 ἐξήρτυται
486 2427 517 2491 in
533 2427 626 2492 codd.
643 2425 831 2514 quibusdam
847 2426 879 2488 in
896 2423 1051 2507 ἐξήρτηται
1064 2439 1261 2512 corruptum.

246 2546 318 2609 712.
341 2530 527 2615 ἁλιστόνοις]
548 2530 648 2593 Recte
670 2527 816 2614 explicari
836 2527 963 2591 videtur
979 2527 1019 2591 ab
1040 2526 1220 2604 scholiastis,
1235 2533 1300 2594 ταῖς

195 2629 259 2694 ὑπὸ
274 2633 324 2707 τῆς
337 2629 412 2695 ἁλὸς
425 2631 637 2708 στεναζοόσαις
658 2631 705 2694 καὶ
724 2627 879 2713 ἠχοάσαις,
895 2629 943 2693 vel
958 2630 1014 2694 rirrd
1031 2629 1105 2697 δλδς
1118 2629 1298 2710 τινασσομέ-

202 2757 278 2797 ναις.
323 2729 399 2794 Alio
414 2752 505 2794 sensu
520 2734 675 2795 ἁλίστονοι
690 2733 875 2813 άγρεντῆρες,
893 2731 1061 2819 piscatores
1073 2732 1103 2796 in
1119 2732 1197 2796 mari
1212 2731 1297 2796 labo-

202 2846 318 2909 rantes,
333 2831 530 2918 accipiuntur
544 2832 629 2918 apud
645 2831 781 2918 Oppian.
798 2833 875 2896 Hal.
889 2854 923 2915 4,
939 2853 1010 2918 159.

246 2944 354 3027 πόδας]
371 2929 502 3024 γόποδάέ
514 2943 564 3006 M.
579 2944 710 3024 γότοδας
724 2941 843 3028 aliquot
854 2942 946 3008 codd.
958 2957 990 3008 et
1001 2944 1080 3010 Ald.
1091 2943 1176 3009 Rob.
1191 2945 1299 3032 Steph.

202 3044 412 3109 consentiente
427 3042 598 3108 scholiasta.
644 3043 709 3108 Alii
730 3059 813 3109 recte
834 3047 937 3139 πόδας,
953 3046 1040 3135 quod
1062 3047 1183 3136 primus
1202 3047 1301 3112 edidit

203 3148 309 3210 Turn.

248 3262 323 3331 713.
338 3249 540 3332 χρίμπτουσα]
557 3249 724 3331 χρίπτουσα
737 3247 827 3312 codd.
843 3247 973 3333 aliquot.
1014 3244 1027 3247 .‚

250 3351 323 3430 716.
347 3351 571 3433 πρόσπλαστοι]
590 3351 696 3427 Quum
714 3349 821 3435 tragici
836 3372 898 3413 non
913 3352 1077 3426 ἄπλαστος,
1092 3349 1146 3413 sed
1168 3350 1302 3417 ἄπλατος

204 3449 352 3529 dixerint,
366 3450 483 3536 pariter
497 3453 684 3532 πρόσπλατοι
699 3451 896 3515 scribendum
912 3473 1022 3515 censeo
1035 3473 1107 3515 curn
1124 3443 1286 3518 Elmsleio.

250 3568 323 3633 717.
353 3552 499 3633 ὑβριστὴν
524 3553 671 3637 ποταμόν]
698 3551 853 3616 Herodoti
877 3553 972 3617 verba
993 3575 1022 3632 1,
1046 3553 1115 3640 189.
1139 3552 1180 3617 de
1205 3552 1303 3618 fluvio

206 3653 324 3741 Gyude
352 3653 545 3740 comparavit
571 3653 787 3732 Blotnlieldus,
813 3654 905 3736 κάρτα
929 3681 963 3721 τε
992 3656 1027 3738 δὴ
1055 3656 1237 3740 ἐχαλέπαινε
1262 3661 1302 3742 τῷ

204 3758 327 3842 ποταμῷ
349 3759 366 3819 δ
390 3762 484 3837 Κῦρος
505 3759 598 3843 τούτῳ
618 3760 787 3839 ὑβρίσαντι.
832 3758 929 3824 Adde
951 3759 1086 3840 ποτομδν
1107 3759 1242 3836 άλαζόνο
1262 3758 1304 3822 ab

205 3858 384 3923 Themistio
397 3858 516 3923 dictum
531 3875 608 3924 orat.
624 3861 671 3923 18.
688 3884 720 3948 p.
737 3880 796 3926 221
815 3864 859 3925 D.
874 3867 1160 3944 Κροῖσος-χρυσοῦ
1178 3860 1304 3943 ψήγμα-

204 3984 257 4024 σιν
282 3962 510 4037 ἐκαλλωπίζετο,
538 3962 634 4046 δοῦχ
655 3964 675 4042 ἡ
696 3967 734 4044 γῆ
757 3963 833 4050 αὐτῷ
857 3965 1046 4045 ἐδωροφόρει,
1071 3964 1153 4026 άλλδ
1174 3961 1305 4044 ποταμός

204 4064 331 4137 άλαζιίν.
377 4063 466 4126 Μίτο
490 4085 593 4126 errore
618 4064 803 4150 interpretes
831 4063 959 4150 quidam
989 4062 1120 4127 fluvium
1146 4064 1305 4130 finxerunt

203 4162 256 4227 cui
284 4186 398 4228 nomen
427 4163 590 4252 proprium
620 4165 715 4229 fuerit
743 4164 917 4247 ‘Tssptcrorh
962 4167 1073 4242 Recte,
1105 4179 1140 4230 ut
1167 4165 1303 4243 videtur,

206 4264 380 4344 scholiasta,
410 4265 558 4347 ὑβριστὴν
586 4267 720 4348 ποταμὸν
748 4267 802 4331 τδν
825 4266 956 4347 Ἀράξην
980 4268 1084 4349 φησίν.
1117 4266 1244 4350 Ἀράξης
1272 4271 1305 4333 δὲ

206 4365 330 4447 λέγεται
353 4371 433 4448 παρὰ
454 4367 488 4429 τὸ
515 4368 660 4448 ἀράσσειν
684 4369 732 4432 καὶ
752 4369 839 4451 ἠχεῖν
861 4370 899 4432 rh
923 4369 1035 4449 κύματα
1055 4370 1152 4434 αὐτοῦ.
1183 4371 1223 4456 τῷ
1247 4373 1305 4451 γδρ

207 4469 332 4550 ὀνόματι
345 4470 452 4535 τούτου
466 4469 514 4533 καὶ
529 4473 631 4552 πρδξις
645 4469 817 4555 συνφδονσό
838 4472 913 4549 ἐστι,
937 4472 984 4539 καί
1004 4476 1091 4539 τοῦτο
1109 4478 1197 4556 δηλοῖ
1214 4473 1249 4537 τδ
1271 4472 1307 4538 οὐ

740 4592 762 4637 N
