2978 5062
245 343 289 405 32
608 342 986 406 ANNOTATIONES

246 525 340 575 ratoe:
363 509 534 575 scholiastae
544 526 649 576 autem
661 513 821 576 annotatio
833 527 895 576 tam
907 512 1054 598 ambigua
1066 527 1112 575 est
1122 525 1158 574 ut
1169 509 1244 574 nibil
1258 510 1344 573 aliud

246 634 286 676 ex
297 635 334 675 ea
344 611 445 698 colligi
459 613 555 700 possit
566 636 661 699 quam
672 614 909 700 grammaticum
921 614 1090 701 quendam,
1102 613 1194 699 cujus
1202 613 1242 676 de
1253 626 1345 676 aetate

245 727 279 777 et
302 713 486 778 auctoritate
508 714 585 778 nihil
606 729 799 802 compertum
823 717 986 794 habemus,
1009 729 1081 801 post
1103 714 1243 778 vinctum
1269 717 1346 777 Pro-

247 815 405 878 metheum
426 815 458 878 in
480 816 586 881 codice
608 841 667 881 suo
681 818 818 882 solutum
838 819 1010 905 repperisse
1025 816 1248 883 Prometheum
1269 839 1347 903 prae-

247 916 478 1003 dictionemque
494 919 673 983 Promethei
696 943 724 982 v.
740 939 914 1004 510-514
933 920 973 983 ad
994 943 1031 983 ea
1052 917 1207 983 rettulisse
1221 941 1293 1004 quae
1314 917 1346 980 in

247 1018 391 1105 proxima
404 1020 557 1106 tragoedia
570 1035 671 1085 esseut
689 1037 849 1096 eventura,
865 1021 936 1086 licet
958 1021 1156 1085 manifestum
1181 1019 1219 1083 sit
1241 1033 1273 1082 et
1294 1018 1346 1082 illa

247 1136 279 1185 et
300 1121 361 1186 alia
385 1122 483 1209 hujus
507 1123 629 1208 generis
656 1123 758 1207 (velut
784 1148 814 1189 v.
842 1127 913 1208 176.
937 1141 1010 1209 524.
1041 1124 1278 1205 1024-1029.)
1305 1119 1346 1185 ab

249 1224 414 1310 AEschylo,
429 1224 522 1288 etiam
538 1224 562 1287 si
579 1226 803 1291 Prometheum
827 1225 963 1290 solutum
981 1246 1144 1312 uunquam
1167 1223 1346 1309 scripsisset,

249 1327 325 1412 fingi
347 1326 496 1412 potuisse.
541 1327 674 1390 Accedit
694 1328 735 1392 ad
751 1327 809 1392 hoc
824 1328 909 1413 quod
929 1327 1029 1392 multa
1044 1325 1225 1414 hujusmodi
1247 1325 1349 1388 hario-

249 1427 305 1492 lati
321 1441 396 1491 sunt
417 1428 624 1514 grammatici,
638 1429 795 1493 interdum
818 1430 897 1494 adeo
911 1445 1019 1493 contra
1033 1428 1211 1493 manifestas
1226 1441 1346 1514 tempo·

249 1551 320 1592 rum
343 1529 487 1606 rationes,
509 1529 597 1593 utin
623 1531 773 1617 exemplis
793 1531 833 1596 ad
854 1531 1076 1618 Aristophanis
1100 1533 1293 1616 Fragmenta
1314 1553 1347 1615 p.

249 1649 324 1714 551.
351 1648 427 1715 552.
453 1631 502 1695 ed.
530 1633 632 1695 Oxon.
659 1632 768 1697 allatis.
814 1634 928 1720 Itaque
949 1633 1101 1719 conjicere
1125 1632 1253 1718 quidem
1278 1631 1350 1696 licet

249 1730 388 1815 ejusdem
414 1747 580 1819 utramque
602 1734 787 1820 tragoediam
810 1734 943 1820 trilogiae
964 1735 1071 1813 l'uissc,
1089 1750 1175 1800 certo
1194 1733 1348 1798 affirmare

251 1852 313 1894 non
331 1831 410 1896 licet.

250 2162 253 2169 ¹
298 2156 325 2199 1.
342 2139 517 2222 ΚΡΑΤΟΣ]
536 2139 651 2221 Κράτος
661 2154 694 2203 et
705 2142 761 2204 Βία
771 2142 838 2226 jam
853 2141 894 2204 ab
906 2139 1047 2203 Hesiodo
1060 2138 1200 2224 (Theog.
1214 2160 1244 2199 v.
1257 2137 1349 2222 385.)

251 2253 475 2314 memorantur,
490 2239 547 2325 qui
565 2263 618 2304 eos
631 2264 703 2304 cum
720 2241 808 2327 Ζήλῳ
827 2256 859 2305 et
872 2243 951 2327 Νίκῃ
968 2241 1075 2327 Stygis
1089 2238 1204 2305 Oceani
1222 2237 1295 2301 liliae
1310 2260 1352 2301 cx

252 2339 395 2403 Pallante
408 2340 488 2404 filios
502 2364 569 2404 esse
584 2343 735 2428 perhibet.
782 2346 852 2407 Has
873 2343 917 2407 ait
938 2364 1059 2428 semper
1073 2341 1158 2427 apud
1174 2341 1289 2403 Jovem
1306 2362 1352 2402 ao-

251 2441 335 2518 dere,
351 2464 452 2527 neque
476 2464 616 2527 unquam
637 2444 678 2507 ab
699 2468 735 2507 eo
757 2444 922 2530 segregari.
962 2441 1123 2524 (Similiter
1138 2440 1353 2504 Callimachus

252 2542 359 2628 hymn.
375 2542 407 2605 in
423 2544 447 2605 J
449 2565 497 2606 ov.
514 2557 545 2605 et
560 2544 748 2629 Apollodor.
764 2545 817 2608 lib.
834 2550 874 2626 1.)
914 2547 971 2608 Βία
984 2559 1089 2607 autem
1107 2542 1138 2606 in
1161 2543 1221 2605 hac
1237 2555 1353 2628 tragoe-

251 2642 304 2705 dia
319 2658 407 2706 muta
421 2664 554 2728 persona
567 2658 625 2706 est.
666 2643 781 2724 Κράτος
791 2647 872 2709 enim
889 2668 947 2709 suo
960 2660 990 2708 et
1008 2644 1092 2708 illius
1107 2643 1231 2708 nomine
1251 2643 1353 2729 loqui-

251 2760 314 2807 tur.
339 2745 439 2807 SCH.
457 2743 492 2825 (i.
508 2766 535 2806 e.
553 2743 764 2827 Schuetzius).

296 2845 416 2928 χθονὸς]
447 2843 617 2908 Scholiasta
643 2845 864 2932 Aristophanis
892 2844 933 2909 ad
960 2848 1043 2911 Ran.
1064 2848 1137 2929 827.
1163 2845 1353 2932 AEschylum

252 2945 449 3026 ἐριβρεμέτας
470 2969 489 3009 a
511 2959 601 3032 poeta
628 2947 746 3011 dictum
769 2946 935 3011 ostendens
955 2951 1003 3010 διὰ
1027 2949 1062 3009 τὸ
1094 2952 1263 3028 βροντῶδες
1294 2953 1355 3010 τῶν

250 3044 391 3128 ῥημάτων
405 3049 454 3110 καὶ
469 3054 629 3126 κομπῶδες,
646 3049 687 3112 ob
703 3049 840 3113 tonitrua
856 3049 1021 3111 verborum
1041 3064 1072 3112 et
1088 3047 1251 3110 sublimem
1268 3047 1353 3111 soni·

252 3163 333 3225 tum,
355 3170 408 3210 sex
432 3147 550 3233 priores
573 3149 669 3235 hujus
693 3149 854 3236 tragoediae
876 3170 983 3211 versus
1003 3148 1091 3226 citat,
1114 3162 1150 3211 ut
1171 3147 1356 3234 AEschyleae

250 3248 534 3335 grandiloquentiae
549 3248 727 3335 exemplum
743 3249 892 3335 praebeat,
907 3269 969 3310 non
993 3270 1107 3334 magno
1122 3248 1249 3333 quidem
1268 3249 1358 3334 judi-

250 3350 317 3414 cio:
342 3365 424 3414 certe
439 3350 471 3413 in
487 3365 623 3434 quatuor
638 3350 794 3435 prioribus
816 3349 892 3412 nihil
914 3348 1084 3411 admodum
1100 3370 1261 3426 sonorum,
1276 3349 1356 3413 nihil

250 3452 339 3538 quod
361 3474 457 3539 supra
481 3450 680 3535 Euripidem,
698 3450 811 3513 nedum
835 3471 931 3533 supra
949 3448 1135 3533 Sophoclem
1158 3473 1191 3513 se
1212 3449 1358 3529 attollat3

251 3555 284 3617 in
300 3554 426 3617 duobus
440 3551 593 3638 proximis
607 3566 654 3612 est
664 3550 790 3634 quidem
808 3549 987 3634 AEscbyleae
1003 3548 1288 3634 grandiloqueutioe
1302 3551 1360 3615 ali·

251 3653 342 3741 quid,
358 3654 413 3716 sed
434 3652 521 3736 quod
542 3649 710 3714 abeodem
731 3647 882 3711 sexcentis
901 3649 932 3710 in
955 3648 1030 3711 locis
1049 3662 1235 3734 superetur;
1262 3666 1311 3729 ut,
1334 3653 1360 3716 si

252 3770 350 3821 totam
380 3753 557 3841 periocham
590 3774 609 3813 a
644 3747 805 3812 scholiasta
836 3748 960 3810 citatam
988 3762 1117 3833 spectes,
1144 3751 1234 3814 nullo
1263 3753 1362 3818 modo

250 3880 311 3948 Pr⁰
334 3853 480 3941 ΘΧΘῙῙῙΡΙ0
502 3856 555 3915 7οΰ
579 3849 766 3929 βρθπῶὃθυς
791 3848 838 3909 Καὶ
862 3850 1030 3925 κομπῶδους
1052 3849 1166 3914 adduci
1189 3867 1361 3918 mereatur,

252 3960 424 4024 STANL.
472 3956 588 4017 Totam
612 3949 692 4011 hanc
712 3968 832 4010 scenam
853 3947 1035 4032 paraphrasi
1050 3949 1178 4015 donavit
1195 3954 1364 4020 Lucianus

250 4063 283 4126 in
299 4060 425 4144 dialogo
441 4054 497 4140 qui
515 4047 723 4115 Prometheus
737 4045 786 4109 vel
803 4047 961 4110 Caucasus
975 4047 1163 4114 inscribitur.
1181 4054 1363 4122 BLOMF,

296 4159 352 4243 εἷς]
372 4151 583 4223 Scribendum
600 4149 631 4213 ἐς
644 4169 683 4209 ex
699 4144 793 4209 schol.
809 4143 972 4229 Aristopb.
989 4147 1072 4210 Rau,
1085 4150 1159 4232 827Ι
1173 4153 1243 4232 (ubi
1258 4156 1362 4221 codex

250 4267 334 4329 Rav.
357 4263 412 4341 εἰς)
437 4269 481 4332 et,
497 4250 552 4337 qui
576 4245 769 4310 scholiastam
792 4243 964 4328 exscripsit,
988 4247 1084 4311 Suida
1106 4273 1130 4313 s.
1146 4274 1177 4315 v,
1202 4256 1364 4338 ἐριβρεμέ,

248 4393 313 4434 τος.
338 4376 449 4446 estque
464 4355 532 4417 haec
546 4349 648 4412 forma
664 4344 781 4428 ubique
797 4342 950 4428 AEscbylo
959 4346 1153 4414 restituenda
1167 4371 1241 4418 ante
1255 4356 1366 4424 litem

248 4473 472 4533 consonantes:
497 4452 538 4515 de
552 4470 618 4532 quo
632 4443 698 4508 dixi
713 4443 752 4507 ad
768 4441 932 4526 Aristopb.
949 4444 1088 4511 Acharn.
1106 4468 1179 4532 242,
