2978 5062
244 341 311 404 224
608 341 987 406 ANNOTATIONES

287 509 439 574 δυστόνων
452 512 557 574 Τοτο.
580 510 757 592 δυσπότμου
771 514 813 576 Α.
829 530 862 576 et
878 527 950 576 octo
968 511 1022 575 alii
1042 533 1114 576 cum
1131 510 1217 575 Rob.
1240 515 1351 592 δυστή·

243 637 306 678 νυν
331 611 485 676 Cantsbr.
510 614 666 677 sccundus
690 627 724 678 et
748 615 852 679 Vrteb.
898 613 1105 678 Scribendum
1130 614 1286 678 δυστάνων
1307 639 1349 679 ex

245 715 332 779 Bu.
347 715 478 778 Barocc.
493 715 629 781 Vindob.
649 730 801 802 quattuor
821 733 853 781 et
868 716 945 780 Ald.
968 717 1122 782 δυστάνου
1137 723 1234 782 κακῶν
1248 716 1349 782 doch-

243 816 327 881 mius
340 831 387 881 cst
401 816 589 903 praercdenti
605 818 796 905 respondens
809 819 867 900 πρὸ
882 819 1043 884 πόντονδ’
1059 821 1136 898 tuot

287 919 397 1003 κακὸυ]
412 919 553 1000 πημάτων
567 919 687 1007 aliquot
702 919 795 985 codd.

288 1041 365 1106 999.
383 1022 497 1086 Versus
511 1020 562 1085 hic
575 1021 749 1110 Antigonae
764 1022 960 1087 tribuendus.

288 1125 364 1202 ἄναξ
376 1121 548 1190 'Bradanus
561 1125 726 1209 ἀρχηγέτα]
746 1124 850 1189 Verba
865 1123 1036 1192 Ἐτεόκλεις
1057 1124 1211 1208 ἀρχηγέτα
1231 1125 1351 1189 absunt

243 1224 286 1290 ab
302 1225 477 1291 B.C.L.M.
520 1226 625 1290 Totus
638 1249 748 1291 versus
761 1227 887 1314 spurius
901 1227 1028 1292 videtur
1043 1226 1230 1292 Blomfieldo
1245 1251 1352 1314 neque

245 1349 306 1414 ego
320 1326 498 1414 negaverim
512 1326 646 1392 adscribi
663 1326 747 1393 hunc
762 1351 885 1393 versum
901 1329 942 1393 ab
960 1329 1180 1417 interpolatore
1197 1331 1351 1416 potuisse,

246 1451 345 1514 quum
360 1428 498 1515 genuina
511 1430 608 1494 verba
622 1429 777 1516 AEschyli,
799 1432 916 1517 quibus
929 1432 1093 1518 Antigona
1109 1431 1286 1496 inchoatam
1309 1434 1353 1498 ab

247 1531 369 1595 lamena
383 1530 554 1597 oraticnem
570 1555 609 1596 ex
624 1556 682 1597 sua
701 1549 804 1598 mente
820 1533 1006 1611 absolveret,
1021 1534 1183 1620 perissent.
1228 1536 1351 1600 Defen-

245 1631 322 1698 dere
335 1633 391 1720 qui
405 1631 522 1712 volent,
536 1648 672 1698 metrum
687 1635 730 1700 sic
745 1635 900 1722 corrigere
913 1636 1075 1701 debebunt
1089 1635 1193 1701 deleto
1206 1639 1292 1717 ἅναξ,

507 1789 558 1848 ΙΣ.
582 1784 633 1865 (ἰὼ
649 1786 697 1865 ἰὼ)
714 1782 884 1853 Ἐτεόκλεις
898 1785 1061 1869 ὰρχογέτα.

248 1936 400 2001 Doricum
417 1935 571 2019 ἂρχαγέτα
587 1951 635 2001 est
648 1936 680 2000 in
696 1936 834 2002 Vindcb.
847 1937 959 2024 primo.
1004 1938 1154 2000 Ceterum
1176 1952 1351 2024 postremo·

247 2061 320 2104 rum
342 2039 439 2125 hujus
459 2037 603 2103 carminis
626 2060 772 2102 versuum
795 2038 953 2124 responsio
975 2038 1042 2103 haec
1063 2052 1122 2116 est,
1144 2059 1352 2124 999=1002.

251 2159 477 2227 1000=1003.
496 2158 720 2219 1001=1004.

296 2264 389 2310 1000.
412 2246 621 2308 Personarum
630 2242 720 2318 ,vices
739 2243 781 2307 sic
797 2256 871 2306 sunt
885 2243 1097 2308 describendas
1113 2258 1150 2308 ut
1165 2267 1195 2307 v.
1210 2263 1303 2308 1000.
1319 2260 1353 2308 et

251 2365 345 2415 1002.
363 2348 506 2423 Ismene,
523 2365 614 2409 1001.
629 2359 662 2409 et
680 2364 772 2430 1003.
790 2345 962 2431 Antigona}
977 2345 1168 2410 tribuantur.

291 2450 413 2515 πάντων
433 2450 677 2514 πολυπονῶτοτοι
697 2446 789 2512 codd.
812 2447 954 2533 plerique
974 2461 1006 2511 et
1022 2447 1102 2512 Ald.
1118 2448 1222 2511 Turn.
1256 2456 1352 2512 πολυ·

248 2553 414 2617 πονῶτατοι
428 2551 548 2615 πάντων
563 2550 666 2614 Viteb.
700 2550 962 2615 πολυστονότατοι
983 2549 1103 2614 ndrrrcv
1117 2548 1201 2613 Rob.
1231 2550 1354 2614 πάντων

248 2655 509 2719 πολυστονώτατοι
524 2652 634 2739 Steph.
649 2651 737 2739 quod
752 2651 865 2737 recepi.

239 2824 242 2829 .
296 2757 437 2820 1001..l‹*c
451 2753 662 2840 δαιμανῦντες]
679 2755 713 2819 ἰὼ
727 2755 761 2819 ἰὼ
775 2757 973 2831 δαιμονῶντας
988 2753 1072 2817 Rob.

293 2858 328 2922 ἑν
342 2879 406 2920 om.
422 2855 545 2943 aliquot
558 2856 651 2921 codd.

296 2977 389 3023 1002.
403 2957 473 3043 ποῦ]
490 2964 545 3023 ποῖ
556 2957 677 3045 aliquot
692 2956 783 3022 codd.

296 3079 387 3145 1003.
405 3061 451 3142 tc]
478 3061 512 3123 tt
528 3062 561 3124 ἰὼ
575 3060 696 3146 aliquot
709 3058 800 3124 codd.
817 3073 849 3123 et
864 3059 947 3122 Rob.
983 3058 1070 3122 Huic
1086 3057 1187 3121 versui
1204 3058 1351 3135 Ismenon,

248 3163 394 3251 proximo
407 3162 581 3250 Antigonae
596 3184 727 3248 persona
742 3160 923 3247 praescripta
938 3161 969 3225 in
982 3160 1061 3225 Ald.
1079 3160 1162 3224 Rob.
1180 3162 1285 3225 Turn.

291 3266 366 3331 ὅπου
386 3265 573 3350 τιμιώτατον]
597 3264 630 3328 Si
653 3263 772 3327 πάντων
796 3263 1055 3326 πολυστονώτατοι
1078 3277 1159 3326 recte
1180 3261 1298 3348 legitur
1320 3286 1353 3328 1.

251 3387 344 3447 1000,
360 3367 411 3433 hic
425 3366 545 3454 syllaba
559 3389 622 3431 una
635 3389 709 3452 quae
722 3363 839 3428 excidit
854 3363 913 3427 erit
928 3364 1114 3450 supplenda,
1127 3363 1192 3428 sive
1206 3366 1281 3429 ὅπου
1290 3364 1352 3429 ’στὶ

247 3472 423 3553 τιμιώτατον
437 3470 501 3534 sive
516 3471 591 3534 ὅπου
605 3469 639 3531 τὸ
654 3468 827 3547 τιμιώτατον
841 3464 962 3552 scripsit
978 3481 1080 3552 poeta.

294 3592 387 3654 1004.
403 3569 553 3635 Alterum
574 3572 608 3633 ἰὼ
627 3581 682 3632 aut
703 3568 762 3631 hoc
784 3568 852 3631 loco
872 3567 1040 3632 delendum
1064 3566 1184 3654 aliquot
1205 3565 1350 3631 codicum

247 3673 432 3739 auctoritate
446 3686 503 3737 aut
518 3673 552 3736 tn
568 3673 601 3735 tt
616 3693 645 3733 v.
661 3688 751 3733 1001.
767 3667 966 3732 scribendum
981 3693 1019 3733 ex
1037 3668 1121 3733 Rob.

290 3780 373 3856 πῆμα
394 3776 482 3856 πατρὶ
502 3771 661 3856 πάρευνον]
678 3772 777 3835 Recte
798 3768 892 3833 schol.
908 3772 1039 3850 πλησίου
1052 3775 1105 3834 ποῦ
1124 3768 1242 3851 πατρός.
1265 3774 1350 3851 πῆμα

247 3878 288 3944 de
302 3876 453 3943 fratribus
474 3874 560 3962 poni,
575 3872 655 3938 bene
677 3885 782 3936 monet
805 3870 985 3951 Schutzius‚
1003 3872 1171 3959 vertitque,
1187 3872 1265 3935 Heu
1284 3894 1351 3935 ma-

247 3982 323 4058 lum,
326 3982 432 4067 juxta
443 3985 568 4064 patrem
578 3975 805 4038 αοιυιῠὶυιινυιυ.
819 3972 966 4060 Sophocl.
981 3973 1131 4039 Trachin.
1146 3992 1218 4060 793.
1234 3974 1349 4038 δυσπά.

247 4106 353 4162 ριυνον
366 4080 503 4160 λέκτρον,
518 4075 707 4141 connubium
721 4096 791 4138 cum
807 4075 891 4138 mala
904 4075 1048 4162 coqjugr.
1074 4075 1250 4139 BLOMF.

295 4198 388 4265 1005.
405 4177 537 4264 δόξαντ’]
552 4175 692 4258 μέλλοντ’
710 4179 753 4242 Α.

291 4281 511 4367 ἀπαγγέλλειν]
526 4281 709 4362 ἀπαγγεῖλαι
724 4291 787 4342 tres
801 4275 932 4341 codices.

295 4383 387 4445 1006.
423 4381 551 4467 πόλεως]
588 4378 698 4464 χθονός
731 4379 882 4443 Cantabr.
912 4377 1043 4463 primus.
1091 4378 1188 4442 Recte
1218 4376 1350 4441 sortasse

248 4480 452 4547 Blomfieldus
468 4485 616 4562 Καδμείαν
630 4478 828 4562 χθονός-ἐπ’
844 4479 943 4561 εὐνοία
956 4475 1081 4544 πόλεως.
