2978 5062
183 404 188 411 .
246 319 313 384 θθθ
608 316 986 381 ANNOTATIONES

245 488 354 555 sedilia
369 489 513 575 quaedam
530 488 697 562 sternebat,
713 486 832 552 cladem
851 485 968 550 Xerxis
983 483 1138 548 narrabat.
1167 483 1347 548 Exordium

245 608 350 657 autem
366 589 547 677 hujusmodi
562 604 638 667 erat,

418 693 492 756 Tlt'
508 691 573 756 ἐστὶ
589 697 718 772 Περσῶν
732 695 790 753 τῶν
804 689 899 753 πάλαι
911 691 1099 770 βεβηκότων.

247 798 328 860 Erat
342 810 459 873 autem,
475 795 506 858 ni
521 795 624 874 fallor,
640 791 805 859 eunuchus
819 791 876 855 iste
892 813 1011 869 servus,
1027 812 1068 854 ex
1089 812 1199 854 eorum
1221 813 1347 877 genere,

245 895 302 983 qui
318 904 445 980 στρῶται
459 897 655 974 dicebantur,
669 895 710 959 de
724 894 840 981 quibus
850 893 979 980 insignis
993 908 1041 957 est
1054 893 1204 957 Atheuaei
1218 891 1305 957 locus
1317 912 1349 959 2.

246 1023 278 1088 p.
289 1000 342 1080 48.
353 1002 391 1064 C.
410 1005 529 1080 Πρῶτοι
544 1002 576 1063 δὲ
588 999 716 1080 Πέρσαι,
729 999 769 1064 ὥς
780 1006 875 1079 φησιν
888 995 1098 1077 Ἡρακλείδης,
1115 996 1163 1059 καὶ
1177 994 1245 1061 τούς
1257 1003 1349 1077 λεγο-

245 1100 354 1181 μένους
372 1103 509 1182 Στρύτας
527 1104 665 1184 έφεῦρον,
679 1102 731 1166 ἵνα
746 1103 859 1180 κόσμον
874 1100 929 1186 έχη
948 1100 966 1178 ἡ
982 1104 1110 1180 στρῶσις
1129 1097 1176 1162 καὶ
1191 1097 1349 1180 εὐάφειαν.

246 1204 301 1268 τὸν
316 1205 369 1268 οὖν
386 1208 484 1284 Κρῆτα
498 1201 714 1285 Τιμαγόραν,ἢ
736 1203 790 1267 τὸν
804 1205 837 1267 ἐκ
856 1204 1000 1283 Γόρτυνος
1023 1202 1075 1282 (ὥς
1096 1209 1172 1282 φησι
1193 1202 1308 1268 Φανίας
1329 1203 1348 1263 d

247 1306 494 1388 Περιπατητικὸς)
508 1305 662 1386 Ἔντιμον,
679 1303 713 1374 ds
735 1307 812 1392 ζήλῳ
828 1302 1070 1384 Θεμιστοκλέους
1083 1303 1179 1383 ἀνέβη
1194 1304 1234 1369 ὣς
1254 1310 1347 1383 βασι-

246 1409 314 1483 λέα,
335 1415 426 1489 τιμῶν
439 1407 634 1490 Ἀρταξέρξης
651 1408 764 1488 σκηνὴν
784 1409 840 1486 μὲν
860 1407 969 1471 ἔδωκεν
989 1407 1066 1491 αύτῷ
1087 1405 1290 1487 διαφέρουσαν
1311 1405 1348 1469 τδ

247 1511 361 1577 κάλλος
375 1512 423 1575 καὶ
437 1509 471 1573 τδ
485 1509 611 1592 μέγεθος
623 1510 671 1574 καὶ
681 1511 787 1589 κλίνην
797 1509 994 1590 ἀργυρόποδα,
1010 1509 1129 1589 έπεμψε
1144 1510 1177 1571 δὲ
1192 1509 1240 1572 καὶ
1254 1510 1348 1589 στρύ-

246 1638 326 1692 ματα
347 1616 498 1690 πολυτελῆ
522 1611 570 1676 καὶ
591 1611 646 1675 τὸν
670 1611 914 1692 ὑποστρώσοντα,
941 1610 1067 1692 φάσκων
1088 1610 1140 1674 οὐκ
1166 1610 1347 1674 ἐπίστασθαι

247 1714 315 1780 τοὺς
325 1712 481 1792 Ἕλληνας
495 1713 742 1793 ὑποστρωννύειν.
786 1711 884 1776 Unde
905 1710 1016 1799 liquet,
1031 1727 1128 1776 artem
1150 1710 1257 1775 sedilia
1271 1725 1347 1775 ster-

248 1815 353 1892 nendi,
369 1838 443 1901 quae
458 1813 722 1879 Homen'b'aetate
736 1814 845 1879 rudior
858 1828 936 1892 erat,
952 1812 1138 1900 peculiarem
1157 1812 1244 1901 apud
1267 1814 1344 1877 Per·

247 1938 296 1980 sas
318 1939 442 1981 servum
463 1914 647 2003 postulasse.
690 1917 759 1980 Nec
776 1915 899 1993 dubito,
914 1914 991 2002 quin
1006 1916 1091 2003 ipsas
1104 1937 1205 1992 voces,
1221 1915 1348 1996 στορνδς

248 2022 382 2101 θρόνους,
397 2041 477 2104 quas
498 2041 538 2082 ex
554 2017 678 2082 Glauco
693 2017 784 2082 affert
799 2017 1042 2095 Grammaticus,
1057 2017 1124 2104 ipse
1146 2015 1347 2104 Phrynichus

247 2121 456 2206 usurpaverit.
503 2121 542 2184 In
559 2122 654 2205 θρόνῳ
668 2118 762 2197 enim,
779 2143 833 2183 seu
856 2121 950 2206 δίφρῳ
972 2119 1114 2198 insidere,
1125 2118 1212 2207 apud
1235 2120 1347 2182 Persas

246 2222 408 2310 dignitatis
432 2222 581 2288 indicium
606 2238 681 2286 erat.
719 2221 878 2287 Herodot.
903 2241 936 2307 3,
966 2242 1037 2304 144.
1060 2229 1120 2287 τῶν
1145 2221 1292 2303 Περσέων
1317 2222 1349 2284 οἱ

246 2327 391 2390 πλείστου
413 2324 490 2405 ἄξιοι
508 2327 632 2407 θρόνους
652 2325 772 2407 θέμενοι
794 2325 984 2389 κατεναντίον
1007 2328 1057 2404 τῆς
1076 2325 1255 2407 ἀκροπόλιος
1277 2324 1345 2387 lxo·

248 2428 345 2494 τεάτο.
368 2443 400 2493 et
418 2427 493 2493 ibid.
512 2429 584 2512 146.
601 2433 661 2491 τῶν
680 2427 827 2511 Περσέων
847 2427 915 2495 τοὺς
933 2426 1223 2509 διφροφορευμένους
1244 2451 1277 2491 τε
1300 2426 1348 2489 καὶ

245 2534 340 2613 λόγου
358 2533 502 2595 πλείστου
525 2531 629 2597 ἐόντας
650 2529 792 2595 ἔκτεινον.
836 2528 955 2607 Quinto
968 2542 1039 2616 post
1057 2528 1231 2616 Phrynichi
1251 2527 1347 2592 Phoe-

246 2633 343 2697 nissas
357 2655 440 2696 anno
456 2633 566 2695 Persas
580 2629 688 2695 docuit
703 2631 876 2716 AEschylus
896 2631 1044 2696 archonte
1059 2632 1211 2711 Menoue,
1226 2631 1347 2719 olymp.

248 2737 302 2819 76,
318 2757 349 2814 4.
364 2748 397 2797 et
411 2755 555 2797 somnam
572 2731 696 2808 meruit,
710 2746 746 2795 ut
759 2732 801 2795 ab
817 2731 966 2819 scriptore
987 2734 1163 2819 argumenti
1186 2734 1344 2820 proditum

246 2850 306 2912 est,
330 2835 400 2898 Ἐπὶ
430 2833 574 2899 Μένωνος
601 2836 760 2916 τραγῳδῶν
783 2835 937 2925 Αἰσχύλος
966 2836 1049 2899 ἐνίκα
1077 2841 1173 2913 Φινεῖ,
1200 2837 1345 2917 Πέρσαις,

248 2938 370 3020 Γλαύκῳ
388 2941 523 3012 Ποτνιεῖ,
539 2937 723 3014 Προμηθεῖθ.
750 2933 836 2997 Hinc
846 2948 950 2998 autem
966 2935 1156 3013 factumest,
1173 2951 1208 2999 ut
1222 2937 1345 3021 opinor,

246 3035 334 3123 quod
348 3035 429 3099 inter
443 3033 616 3121 Phrynichi
632 3034 799 3121 tragoedias
813 3052 1011 3100 recensentur
1024 3037 1110 3124 apud
1127 3036 1256 3101 Suidam
1273 3040 1347 3101 ‹hol-

248 3163 351 3203 νισσαι
372 3152 403 3200 et
427 3136 557 3217 Πέρσαι,
580 3159 714 3223 quarum
736 3135 790 3202 illa
812 3137 996 3225 Phrynichi,
1019 3139 1086 3203 haec
1110 3138 1253 3227 AEschyli
1272 3139 1345 3219 fuit,

246 3237 354 3304 similis
368 3238 557 3326 argumenti,
573 3237 672 3303 titulis
687 3254 807 3304 tantum
824 3239 1012 3319 differentes,
1028 3241 1053 3305 si
1068 3265 1176 3306 rerum
1193 3243 1243 3318 sit,
1258 3245 1345 3330 quod

247 3341 342 3407 tradit
358 3341 501 3434 Glaucus
517 3341 603 3429 apud
623 3343 799 3428 argumenti
818 3358 987 3422 auctorem,
1005 3343 1150 3432 AEschyli
1174 3347 1286 3410 Persas
1304 3367 1344 3409 ex

248 3443 420 3531 Phrynichi
437 3442 607 3508 Phoenissis
618 3450 888 3526 παραπεποιῆσθαι
922 3447 983 3511 Sed
1000 3446 1075 3511 nihil
1091 3447 1177 3511 aliud
1193 3447 1345 3533 significat

246 3569 341 3633 quam
363 3543 551 3633 AEschylum
571 3545 680 3609 eodem
703 3546 768 3611 fere
790 3548 884 3612 modo
898 3572 963 3635 quo
983 3550 1200 3637 Phrynichum
1225 3548 1345 3613 Xerxis

246 3649 365 3714 cladem
380 3672 438 3736 per
451 3663 643 3712 narratorem
653 3663 726 3711 ante
736 3663 945 3734 spectatorum
956 3653 1063 3715 oculos
1074 3652 1223 3738 posuisse.
1245 3652 1278 3714 N
1279 3672 1346 3714 am-

245 3775 309 3840 que
331 3751 459 3839 insignis
477 3765 524 3814 est
538 3749 620 3813 inter
640 3748 721 3812 duos
742 3766 885 3815 auctores
899 3751 1060 3817 diversitas
1081 3751 1205 3839 abipso
1221 3752 1344 3817 Glauco

245 3870 505 3919 commemorata:
529 3851 615 3938 quod
637 3852 723 3938 apud
743 3852 959 3940 Phrynichum
983 3853 1013 3916 in
1037 3854 1105 3942 ipso
1119 3852 1236 3918 fabulae
1257 3853 1346 3918 initio

248 3957 384 4021 narratio
403 3956 444 4020 ab
463 3955 609 4020 eunucho
628 3954 711 4019 facta
729 3955 779 4032 sit,
796 3957 881 4042 apud
898 3957 1085 4044 AEschylum
1101 3980 1185 4035 vero,
1207 3980 1268 4021 non
1287 3957 1346 4020 nisi

248 4078 318 4146 post
333 4059 419 4124 chori
442 4056 578 4123 nobilem
592 4070 719 4122 cantum
741 4073 772 4122 et
787 4057 977 4146 colloquium
992 4060 1061 4147 ejus
1075 4082 1146 4124 cum
1163 4063 1291 4137 Atussa,
1306 4059 1347 4123 de

280 4231 295 4268 b
308 4230 396 4293 Odyst.
407 4235 434 4277 Τ.
446 4239 487 4294 97.
499 4225 627 4292 Εάρυνθμη,
639 4226 697 4292 φέρε
708 4228 738 4286 δὴ
749 4227 832 4293 δίφρου
842 4231 880 4279 καθ
892 4233 953 4280 κῶας
964 4231 1000 4279 ἀπ’
1008 4231 1088 4280 arisai.

281 4319 294 4347 c
307 4309 436 4374 Προμηθεῖ]
451 4311 479 4358 Id
491 4320 527 4360 cst
538 4311 658 4372 Προμηθεῖ
665 4309 789 4374 τυρφθρῳι
806 4314 891 4374 dequo
901 4313 952 4361 dixi
965 4314 989 4362 in
1002 4313 1158 4362 annotatione
1168 4313 1199 4360 ad
1211 4313 1346 4376 fragmenta

249 4390 323 4452 hujus
335 4391 429 4440 sabulo.
449 4392 480 4441 G.
489 4392 666 4442 DINDORF.
690 4388 696 4399 ⁹
