2978 5062
456 352 523 412 An
548 352 908 445 ratimarauun.

133 513 293 578 Heraclid.
307 529 384 598 507.

307 648 390 711 αὐτοὶ
405 650 437 710 δὲ
452 648 662 728 προστιθέντες
676 653 817 717 άλλοισιν
832 655 949 727 πόνους,

304 750 403 831 παρόν
416 756 580 824 σεσῶσθαι,
597 755 790 834 φευξόμεσθα
803 755 844 833 μῆ
859 759 980 828 danaim

306 853 342 916 οὐ
357 850 428 930 δῆτ’,
445 853 514 915 ἐπεί
524 878 571 915 τοι
585 854 634 917 καὶ
647 854 779 936 γέλωτος
792 856 860 933 άξια

305 953 423 1018 στένειν
436 955 493 1033 μὲν
509 952 606 1021 ἱκέτας
620 957 769 1035 δαιμόνων
783 956 965 1036 καθημένους
979 970 1036 1020 etc.

174 1139 251 1207 347.
263 1125 316 1205 χαί
332 1123 502 1184 Porsouus.
525 1122 573 1184 sol
588 1121 658 1184 libri
674 1145 778 1186 errore
793 1122 942 1186 sollemni.

177 1223 371 1305 κασιγνήτου]
395 1221 488 1285 Atlas
501 1237 548 1284 est
562 1221 659 1286 frater
673 1224 852 1288 Promethei
868 1224 1039 1290 secundum
1057 1227 1232 1292 Hesiodum

135 1328 301 1414 Theogon.
315 1346 390 1412 509.
406 1343 437 1391 et
453 1326 639 1414 Apollodor.
657 1349 683 1406 1,
703 1346 733 1403 2,
748 1346 781 1411 3.
807 1327 967 1392 Diodorus
991 1327 1114 1392 Siculus
1128 1345 1232 1393 autem

134 1450 168 1514 3,
183 1436 236 1495 60.
262 1430 387 1495 Saturni
403 1431 530 1493 fratrem
546 1444 576 1493 et
592 1430 673 1494 Coeli
688 1427 786 1492 filium
803 1428 888 1492 facit.
912 1431 1012 1493 SCH.

175 1534 250 1618 348.
267 1533 353 1614 πρὸς]
373 1536 404 1600 ές
418 1533 514 1595 D.M.
530 1532 615 1596 Rob.

176 1654 251 1719 349.
276 1636 382 1714 ἔστηκε
405 1641 475 1697 κίων
497 1634 623 1714 οὐρανοῦ
644 1658 676 1697 τε
699 1635 747 1697 καὶ
764 1634 882 1717 χθονὸς,
898 1634 990 1713 όμοιν
1006 1636 1126 1715 ἐρείδων
1140 1635 1234 1717 άχθος

133 1735 186 1799 οὐκ
201 1735 369 1816 εὐάγκαλον
385 1733 469 1798 Rob.
509 1733 569 1797 Cui
586 1733 709 1799 lectioni
724 1751 756 1798 ct
771 1735 1013 1822 interpunctioni
1035 1737 1128 1822 louge
1151 1759 1231 1822 prae·

134 1851 195 1902 stat
209 1838 348 1923 vulgata.

178 1937 250 2003 κίον’
266 1940 394 2021 οὐρανοῦ
408 1965 441 2003 τε
455 1941 504 2003 καὶ
517 1939 639 2023 χθονὸς]
660 1937 740 2001 Vide
751 1937 789 2001 ad
809 1963 837 2001 v.
852 1959 928 2024 430.

176 2057 251 2126 350.
265 2043 357 2121 clpam
373 2043 457 2107 Rob.
472 2056 513 2119 et,
531 2058 565 2106 ut
581 2041 716 2118 videtur,
730 2042 780 2104 M.
803 2043 892 2123 ὤμοις
906 2041 985 2106 Ald.
1001 2043 1105 2105 Turn.
1122 2044 1232 2129 Steph.

133 2165 204 2206 cum
221 2143 394 2208 Plutarcho
410 2147 495 2209 Mor.
511 2168 544 2232 p.
562 2165 623 2230 923
641 2147 680 2209 C.

176 2264 251 2330 351.
265 2247 390 2331 γηγενῆ]
406 2246 593 2332 Apollodor.
613 2267 640 2325 1,
654 2249 684 2309 6.
699 2265 732 2329 3.
750 2257 875 2308 secutus
889 2260 1047 2308 auctorem
1064 2246 1247 2331 Theogon.·

134 2348 206 2412 820.
224 2362 328 2412 narrat
343 2351 488 2427 Terram,
504 2361 575 2436 post
590 2347 760 2412 debellatos
774 2369 793 2409 a
809 2345 929 2432 superis
940 2345 1105 2431 Gigantas,
1120 2349 1232 2411 aTar·

135 2462 201 2511 taro
227 2449 388 2535 Typhona
413 2451 607 2537 concepisse:
642 2456 739 2535 alque
768 2448 812 2511 ita
841 2446 936 2511 schol.
966 2448 997 2511 in
1028 2448 1152 2513 Platon.
1183 2448 1231 2512 ed.

135 2550 305 2615 Ruhnken.
317 2573 349 2637 p.
364 2572 416 2637 55.
440 2555 565 2616 Auctor
581 2575 654 2616 vero
669 2553 791 2638 Hymn.
808 2549 974 2613 Homerid.
986 2549 1017 2612 in
1034 2549 1142 2636 Apoll.
1155 2552 1231 2636 306.

132 2653 293 2716 «lunonem
309 2676 380 2716 eum
396 2655 551 2740 peperisse
567 2654 672 2732 tradit,
688 2652 815 2739 quicum
838 2651 912 2715 facit
929 2651 1123 2716 Stesichorus
1145 2652 1231 2739 apud

134 2753 274 2840 Etymol.
291 2755 342 2818 M.
358 2778 389 2842 p.
408 2773 480 2839 772,
493 2775 548 2841 50.
579 2755 751 2821 Scholiasta
765 2778 839 2818 vero
855 2753 1015 2817 Villoisoui
1029 2754 1069 2818 ad
1087 2754 1179 2819 Iliad.
1194 2761 1231 2834 Β,

134 2857 209 2941 783.
231 2878 302 2919 eum
319 2880 356 2920 ex
379 2880 440 2921 ovo
461 2857 602 2943 genitum
621 2857 716 2921 fuisse
737 2857 791 2934 ait,
807 2880 873 2943 quo
886 2858 910 2918 J
913 2878 1046 2920 unonem
1063 2855 1234 2921 donaverat

134 2959 297 3023 Saturnus.
330 2961 444 3024 Cetera
457 2960 498 3024 de
513 2960 673 3048 Typhone
689 2960 816 3024 historia
831 2960 898 3023 haec
913 2976 968 3024 est.
996 2961 1103 3037 Quum
1118 2959 1232 3024 coelum

132 3058 256 3135 invasit,
271 3060 315 3124 dii
338 3083 404 3148 prae
425 3077 511 3125 metu
534 3062 565 3125 in
583 3064 763 3149 AEgyptum
787 3061 1009 3147 confugerunt,
1026 3061 1140 3126 relictis
1162 3076 1232 3125 tan·

134 3177 200 3225 tum
216 3164 299 3226 Jove
318 3179 350 3226 et
370 3163 536 3237 Minerva;
561 3163 604 3228 ibi
623 3185 708 3242 vero,
729 3179 764 3227 ut
786 3179 959 3227 monstrum
982 3162 1155 3240 eluderent,
1170 3163 1233 3227 for-

133 3284 199 3326 mas
219 3263 271 3327 alii
289 3263 378 3327 aliter
393 3279 565 3342 mutarunt,
583 3281 618 3329 ut
629 3287 668 3329 ex
682 3264 842 3329 Nicandro
857 3264 953 3328 tradit
965 3264 1120 3327 Antonin.
1138 3264 1233 3328 Libe-

132 3363 186 3427 ral.
204 3366 256 3429 28.
281 3365 376 3430 Ovid.
394 3368 477 3430 Met.
492 3385 526 3451 5,
543 3386 614 3451 290.
653 3366 782 3453 Jupiter
804 3380 908 3428 autem
926 3363 1087 3450 Typhona
1105 3364 1232 3450 fulgure

132 3468 292 3552 percussit,
308 3468 427 3554 diuque
441 3470 610 3546 insecutus,
623 3483 727 3533 monte
739 3466 864 3531 tandem
880 3467 1010 3528 AEtnaeo
1024 3464 1141 3528 obruit.
1168 3464 1231 3529 Sed

134 3575 322 3646 στασιάζεται
346 3573 365 3652 ἡ
386 3573 454 3654 περὶ
478 3578 623 3654 Τυφῶνος
649 3573 774 3649 ἱστορία,
801 3568 904 3654 inquit
925 3568 1020 3632 schol.
1045 3568 1077 3632 in
1102 3567 1232 3632 Pindar.

133 3669 229 3755 Pyth.
249 3692 278 3749 1,
292 3691 345 3757 31.
371 3674 532 3737 Homerus
551 3673 642 3737 lliad.
659 3678 693 3750 B,
711 3672 783 3754 781.
804 3677 880 3735 Γαΐα
898 3669 922 3735 δ’
937 3670 1163 3754 ὑπεστονόχιζε,
1181 3672 1232 3735 Διὶ

134 3773 173 3838 ὥς
193 3777 409 3860 τερπικεραύνῳ
431 3774 581 3860 Χωομένιρ
603 3777 653 3838 ὅτε
675 3772 698 3836 τ’
715 3773 791 3855 ἀμφὶ
804 3773 929 3856 Τυφωέϊ
942 3780 1033 3856 γαῖαν
1048 3773 1161 3858 ἱμάσσῃ
1176 3777 1233 3837 En

131 3871 272 3954 Ἀρίμοις,
289 3876 337 3939 ὅθι
357 3878 435 3958 φασὶ
449 3876 593 3959 Τυφωέος
612 3876 735 3956 ἔμμεναι
757 3875 855 3941 εὐνάς.
878 3875 933 3939 ubi
955 3875 986 3938 in
1008 3874 1103 3939 schol.
1121 3874 1232 3937 Venet.

131 3997 190 4061 pro
199 3977 312 4058 Τυφὼν
325 3979 358 4041 δὲ
373 3979 415 4044 εἷς
436 3983 496 4041 τῶν
509 3978 668 4060 γιγάντων,
686 3983 743 4057 Γῆς
765 3977 807 4041 ὢν
826 3979 923 4058 πόριος
945 3977 994 4041 καὶ
1007 3975 1173 4056 Ταρτάρου,
1190 3977 1232 4038 le·

130 4076 269 4163 gendum
290 4093 347 4151 est,
372 4082 429 4158 Γῆς
444 4079 486 4143 ὢν
508 4079 570 4146 υἱὸς
588 4082 635 4143 καὶ
654 4079 817 4163 Ταρτάρου.
856 4077 1039 4165 AEschylus,
1056 4077 1231 4142 Pindarum

130 4193 266 4258 secutus,
282 4181 413 4244 AEtnam
432 4182 584 4268 Typhoni
601 4182 776 4268 impositam
801 4196 916 4260 narrat,
932 4180 1143 4245 Callimachus
1166 4183 1233 4246 En-

129 4281 248 4358 celado,
276 4283 431 4346 Horatius
455 4282 647 4369 Gigantibus
669 4304 702 4370 3,
725 4305 758 4364 4.
782 4284 981 4370 Pherecydes
1003 4305 1054 4370 ap.
1078 4284 1173 4349 schol.
1199 4285 1232 4348 in

129 4383 278 4469 Apollon.
296 4403 326 4462 2,
343 4404 432 4468 1215.
457 4385 617 4470 Typhona
632 4385 691 4449 sub
703 4385 805 4449 insula
817 4384 986 4449 Pithecusa
995 4386 1101 4471 jacere
1116 4385 1231 4458 tradit;

126 4485 178 4548 alii
202 4486 233 4548 in
251 4486 409 4572 AEgypto,
427 4502 462 4549 ut
479 4486 632 4550 Herodot.
649 4507 682 4571 3,
697 4508 729 4570 5.
753 4486 943 4573 Apollonius
964 4487 1033 4552 loco
1054 4489 1165 4553 citato:
1190 4488 1232 4550 cl.
