<?xml version="1.0" encoding="UTF-8"?>
<!DOCTYPE html PUBLIC "-//W3C//DTD XHTML 1.0 Transitional//EN"
    "http://www.w3.org/TR/xhtml1/DTD/xhtml1-transitional.dtd">
<html xmlns="http://www.w3.org/1999/xhtml" xml:lang="en" lang="en">
 <head>
  <title>
</title>
<meta http-equiv="Content-Type" content="text/html;charset=utf-8" />
  <meta name='ocr-system' content='tesseract 3.04.00' />
  <meta name='ocr-capabilities' content='ocr_page ocr_carea ocr_par ocr_line ocrx_word'/>
</head>
<body>
  <div class='ocr_page' id='page_1' title='image "./tragoediaesuper02aescgoog_0029.png"; bbox 0 0 2978 5062; ppageno 0'>
   <div class='ocr_carea' id='block_1_1' title="bbox 273 330 1011 398">
    <p class='ocr_par' dir='ltr' id='par_1_1' title="bbox 273 330 1011 398">
     <span class='ocr_line' id='line_1_1' title="bbox 273 330 1011 398; baseline -0.005 0"><span class='ocrx_word' id='word_1_1' title='bbox 273 331 316 398; x_wconf 78' lang='lat'><strong>26</strong></span> <span class='ocrx_word' id='word_1_2' title='bbox 633 330 1011 396; x_wconf 84' lang='lat' dir='ltr'><strong>ANNOTATIONES</strong></span> 
     </span>
    </p>
   </div>
   <div class='ocr_carea' id='block_1_2' title="bbox 121 499 1372 995">
    <p class='ocr_par' dir='ltr' id='par_1_2' title="bbox 121 499 1372 901">
     <span class='ocr_line' id='line_1_2' title="bbox 121 499 1371 587; baseline -0.002 -21"><span class='ocrx_word' id='word_1_3' title='bbox 121 572 127 585; x_wconf 54' lang='grc'>,</span> <span class='ocrx_word' id='word_1_4' title='bbox 216 555 219 559; x_wconf 56' lang='grc'>,</span> <span class='ocrx_word' id='word_1_5' title='bbox 272 502 392 566; x_wconf 86' lang='lat' dir='ltr'><strong>iterum</strong></span> <span class='ocrx_word' id='word_1_6' title='bbox 409 502 448 566; x_wconf 91' lang='lat' dir='ltr'><strong>iis</strong></span> <span class='ocrx_word' id='word_1_7' title='bbox 469 500 626 566; x_wconf 87' lang='lat' dir='ltr'><strong>redditum</strong></span> <span class='ocrx_word' id='word_1_8' title='bbox 641 524 707 566; x_wconf 87' lang='lat' dir='ltr'><strong>esse</strong></span> <span class='ocrx_word' id='word_1_9' title='bbox 722 501 825 566; x_wconf 78' lang='lat' dir='ltr'><strong>refert.</strong></span> <span class='ocrx_word' id='word_1_10' title='bbox 873 503 912 564; x_wconf 89' lang='lat' dir='ltr'><strong>In</strong></span> <span class='ocrx_word' id='word_1_11' title='bbox 927 522 992 587; x_wconf 93' lang='lat' dir='ltr'><strong>quo</strong></span> <span class='ocrx_word' id='word_1_12' title='bbox 1014 502 1055 564; x_wconf 89' lang='lat' dir='ltr'><strong>ab</strong></span> <span class='ocrx_word' id='word_1_13' title='bbox 1076 500 1144 584; x_wconf 88' lang='lat' dir='ltr'><strong>ejus</strong></span> <span class='ocrx_word' id='word_1_14' title='bbox 1163 499 1301 587; x_wconf 69' lang='lat' dir='ltr'><strong>uestigiis</strong></span> <span class='ocrx_word' id='word_1_15' title='bbox 1322 523 1371 564; x_wconf 85' lang='lat' dir='ltr'><strong>rc·</strong></span> 
     </span>
     <span class='ocr_line' id='line_1_3' title="bbox 126 601 1370 691; baseline -0.003 -22"><span class='ocrx_word' id='word_1_16' title='bbox 126 606 129 615; x_wconf 82' lang='grc'><strong>’</strong></span> <span class='ocrx_word' id='word_1_17' title='bbox 273 604 363 669; x_wconf 87' lang='lat' dir='ltr'><strong>cessit</strong></span> <span class='ocrx_word' id='word_1_18' title='bbox 378 603 570 690; x_wconf 81' lang='lat' dir='ltr'><strong>AEschylus3</strong></span> <span class='ocrx_word' id='word_1_19' title='bbox 594 603 714 691; x_wconf 90' lang='lat' dir='ltr'><strong>quippe</strong></span> <span class='ocrx_word' id='word_1_20' title='bbox 727 603 783 688; x_wconf 92' lang='lat' dir='ltr'><strong>qui</strong></span> <span class='ocrx_word' id='word_1_21' title='bbox 805 602 887 689; x_wconf 85' lang='lat' dir='ltr'><strong>ignis</strong></span> <span class='ocrx_word' id='word_1_22' title='bbox 909 602 1044 688; x_wconf 90' lang='lat' dir='ltr'><strong>primum</strong></span> <span class='ocrx_word' id='word_1_23' title='bbox 1067 601 1246 666; x_wconf 86' lang='lat' dir='ltr'><strong>hominibus</strong></span> <span class='ocrx_word' id='word_1_24' title='bbox 1261 602 1370 667; x_wconf 91' lang='lat' dir='ltr'><strong>tributi</strong></span> 
     </span>
     <span class='ocr_line' id='line_1_4' title="bbox 273 702 1372 768; baseline -0.001 0"><span class='ocrx_word' id='word_1_25' title='bbox 273 705 421 768; x_wconf 82' lang='lat' dir='ltr'><strong>honorem</strong></span> <span class='ocrx_word' id='word_1_26' title='bbox 439 703 627 768; x_wconf 88' lang='lat' dir='ltr'><strong>Prometheo</strong></span> <span class='ocrx_word' id='word_1_27' title='bbox 641 704 755 768; x_wconf 83' lang='lat' dir='ltr'>diserte</span> <span class='ocrx_word' id='word_1_28' title='bbox 771 704 890 768; x_wconf 82' lang='lat' dir='ltr'><strong>tribuit.</strong></span> <span class='ocrx_word' id='word_1_29' title='bbox 932 702 1074 767; x_wconf 84' lang='lat' dir='ltr'><strong>Eandem</strong></span> <span class='ocrx_word' id='word_1_30' title='bbox 1090 704 1228 768; x_wconf 83' lang='lat' dir='ltr'><strong>fabulam</strong></span> <span class='ocrx_word' id='word_1_31' title='bbox 1244 718 1372 767; x_wconf 86' lang='lat' dir='ltr'><strong>narrant</strong></span> 
     </span>
     <span class='ocr_line' id='line_1_5' title="bbox 133 807 1372 901; baseline -0.001 -29"><span class='ocrx_word' id='word_1_32' title='bbox 133 888 137 901; x_wconf 34' lang='grc' dir='ltr'>ι</span> <span class='ocrx_word' id='word_1_33' title='bbox 272 825 329 873; x_wconf 86' lang='lat' dir='ltr'><strong>aut</strong></span> <span class='ocrx_word' id='word_1_34' title='bbox 344 822 519 894; x_wconf 89' lang='lat' dir='ltr'><strong>sequuntur</strong></span> <span class='ocrx_word' id='word_1_35' title='bbox 533 807 759 894; x_wconf 85' lang='lat' dir='ltr'><strong>Apollodorus,</strong></span> <span class='ocrx_word' id='word_1_36' title='bbox 775 807 945 884; x_wconf 85' lang='lat' dir='ltr'><strong>Lucianus,</strong></span> <span class='ocrx_word' id='word_1_37' title='bbox 963 807 1123 895; x_wconf 84' lang='lat' dir='ltr'>Hyginus,</span> <span class='ocrx_word' id='word_1_38' title='bbox 1140 807 1301 872; x_wconf 86' lang='lat' dir='ltr'><strong>Diodorus</strong></span> <span class='ocrx_word' id='word_1_39' title='bbox 1324 807 1372 872; x_wconf 89' lang='lat' dir='ltr'><strong>Si-</strong></span> 
     </span>
    </p>

    <p class='ocr_par' dir='ltr' id='par_1_3' title="bbox 157 900 1371 995">
     <span class='ocr_line' id='line_1_6' title="bbox 157 900 1371 995; baseline -0.002 -21"><span class='ocrx_word' id='word_1_40' title='bbox 157 900 221 959; x_wconf 49' lang='lat'><strong>&#39;³⁹¹1</strong></span> <span class='ocrx_word' id='word_1_41' title='bbox 248 909 374 987; x_wconf 81' lang='lat' dir='ltr'><strong>culus,</strong></span> <span class='ocrx_word' id='word_1_42' title='bbox 390 911 510 988; x_wconf 86' lang='lat' dir='ltr'><strong>Attius,</strong></span> <span class='ocrx_word' id='word_1_43' title='bbox 534 909 698 987; x_wconf 78' lang='lat' dir='ltr'>Horatius,</span> <span class='ocrx_word' id='word_1_44' title='bbox 715 907 869 995; x_wconf 87' lang='lat' dir='ltr'><strong>multique</strong></span> <span class='ocrx_word' id='word_1_45' title='bbox 891 908 951 972; x_wconf 90' lang='lat' dir='ltr'><strong>alii.</strong></span> <span class='ocrx_word' id='word_1_46' title='bbox 998 908 1089 973; x_wconf 90' lang='lat' dir='ltr'><strong>Varie</strong></span> <span class='ocrx_word' id='word_1_47' title='bbox 1110 924 1215 974; x_wconf 92' lang='lat' dir='ltr'><strong>autem</strong></span> <span class='ocrx_word' id='word_1_48' title='bbox 1239 912 1371 973; x_wconf 92' lang='lat' dir='ltr'><strong>Prome-</strong></span> 
     </span>
    </p>
   </div>
   <div class='ocr_carea' id='block_1_3' title="bbox 235 1009 1373 4331">
    <p class='ocr_par' dir='ltr' id='par_1_4' title="bbox 235 1009 1373 4331">
     <span class='ocr_line' id='line_1_7' title="bbox 274 1009 1373 1098; baseline -0.002 -23"><span class='ocrx_word' id='word_1_49' title='bbox 274 1011 347 1076; x_wconf 92' lang='lat' dir='ltr'><strong>thea</strong></span> <span class='ocrx_word' id='word_1_50' title='bbox 367 1011 448 1098; x_wconf 88' lang='lat' dir='ltr'><strong>ignis</strong></span> <span class='ocrx_word' id='word_1_51' title='bbox 469 1010 607 1076; x_wconf 89' lang='lat' dir='ltr'><strong>inventio</strong></span> <span class='ocrx_word' id='word_1_52' title='bbox 628 1011 669 1075; x_wconf 89' lang='lat' dir='ltr'><strong>ab</strong></span> <span class='ocrx_word' id='word_1_53' title='bbox 682 1010 818 1096; x_wconf 80' lang='lat' dir='ltr'>antiquis</span> <span class='ocrx_word' id='word_1_54' title='bbox 839 1009 1042 1097; x_wconf 78' lang='lat' dir='ltr'><strong>scriptoribus</strong></span> <span class='ocrx_word' id='word_1_55' title='bbox 1063 1010 1247 1097; x_wconf 76' lang='lat' dir='ltr'><strong>explicatur.</strong></span> <span class='ocrx_word' id='word_1_56' title='bbox 1293 1010 1373 1073; x_wconf 93' lang='lat' dir='ltr'><strong>Dio-</strong></span> 
     </span>
     <span class='ocr_line' id='line_1_8' title="bbox 272 1111 1373 1198; baseline -0.001 -21"><span class='ocrx_word' id='word_1_57' title='bbox 272 1113 370 1177; x_wconf 92' lang='lat' dir='ltr'><strong>dorus</strong></span> <span class='ocrx_word' id='word_1_58' title='bbox 397 1112 520 1177; x_wconf 89' lang='lat' dir='ltr'><strong>Siculus</strong></span> <span class='ocrx_word' id='word_1_59' title='bbox 547 1134 619 1176; x_wconf 92' lang='lat' dir='ltr'><strong>eum</strong></span> <span class='ocrx_word' id='word_1_60' title='bbox 645 1111 847 1198; x_wconf 83' lang='lat' dir='ltr'><strong>igniariorum</strong></span> <span class='ocrx_word' id='word_1_61' title='bbox 872 1126 1062 1198; x_wconf 83' lang='lat' dir='ltr'><strong>repertorem</strong></span> <span class='ocrx_word' id='word_1_62' title='bbox 1084 1111 1180 1175; x_wconf 88' lang='lat' dir='ltr'><strong>fuisse</strong></span> <span class='ocrx_word' id='word_1_63' title='bbox 1205 1112 1373 1177; x_wconf 86' lang='lat' dir='ltr'><strong>existimat.</strong></span> 
     </span>
     <span class='ocr_line' id='line_1_9' title="bbox 272 1213 1373 1301; baseline -0.001 -23"><span class='ocrx_word' id='word_1_64' title='bbox 272 1215 396 1279; x_wconf 81' lang='lat' dir='ltr'>Plinius</span> <span class='ocrx_word' id='word_1_65' title='bbox 410 1232 527 1293; x_wconf 87' lang='lat' dir='ltr'><strong>autem,</strong></span> <span class='ocrx_word' id='word_1_66' title='bbox 542 1236 613 1276; x_wconf 92' lang='lat' dir='ltr'><strong>cum</strong></span> <span class='ocrx_word' id='word_1_67' title='bbox 629 1213 732 1298; x_wconf 83' lang='lat' dir='ltr'><strong>ignem</strong></span> <span class='ocrx_word' id='word_1_68' title='bbox 748 1237 766 1276; x_wconf 87' lang='lat' dir='ltr'><strong>e</strong></span> <span class='ocrx_word' id='word_1_69' title='bbox 786 1213 869 1277; x_wconf 90' lang='lat' dir='ltr'><strong>silice</strong></span> <span class='ocrx_word' id='word_1_70' title='bbox 891 1214 1120 1278; x_wconf 85' lang='lat' dir='ltr'><strong>monstravisset</strong></span> <span class='ocrx_word' id='word_1_71' title='bbox 1134 1214 1278 1301; x_wconf 87' lang='lat' dir='ltr'><strong>Pyrodes</strong></span> <span class='ocrx_word' id='word_1_72' title='bbox 1293 1214 1373 1279; x_wconf 91' lang='lat' dir='ltr'><strong>Cili·</strong></span> 
     </span>
     <span class='ocr_line' id='line_1_10' title="bbox 272 1314 1373 1393; baseline 0 -12"><span class='ocrx_word' id='word_1_73' title='bbox 272 1317 316 1381; x_wconf 88' lang='lat' dir='ltr'><strong>cis</strong></span> <span class='ocrx_word' id='word_1_74' title='bbox 343 1315 437 1393; x_wconf 85' lang='lat' dir='ltr'><strong>filius,</strong></span> <span class='ocrx_word' id='word_1_75' title='bbox 463 1314 686 1379; x_wconf 86' lang='lat' dir='ltr'><strong>Prometheum</strong></span> <span class='ocrx_word' id='word_1_76' title='bbox 712 1314 847 1378; x_wconf 89' lang='lat' dir='ltr'><strong>eundem</strong></span> <span class='ocrx_word' id='word_1_77' title='bbox 872 1314 904 1378; x_wconf 94' lang='lat' dir='ltr'><strong>in</strong></span> <span class='ocrx_word' id='word_1_78' title='bbox 930 1314 1030 1379; x_wconf 82' lang='lat' dir='ltr'><strong>ferula</strong></span> <span class='ocrx_word' id='word_1_79' title='bbox 1055 1315 1204 1380; x_wconf 88' lang='lat' dir='ltr'><strong>asservari</strong></span> <span class='ocrx_word' id='word_1_80' title='bbox 1229 1315 1373 1381; x_wconf 85' lang='lat' dir='ltr'><strong>docuisse</strong></span> 
     </span>
     <span class='ocr_line' id='line_1_11' title="bbox 273 1416 1373 1505; baseline -0.001 -23"><span class='ocrx_word' id='word_1_81' title='bbox 273 1417 379 1482; x_wconf 89' lang='lat' dir='ltr'><strong>tradit.</strong></span> <span class='ocrx_word' id='word_1_82' title='bbox 425 1417 491 1481; x_wconf 90' lang='lat' dir='ltr'>Alii</span> <span class='ocrx_word' id='word_1_83' title='bbox 508 1430 544 1480; x_wconf 92' lang='lat' dir='ltr'><strong>ut</strong></span> <span class='ocrx_word' id='word_1_84' title='bbox 560 1416 800 1503; x_wconf 82' lang='lat' dir='ltr'><strong>Theophrastus</strong></span> <span class='ocrx_word' id='word_1_85' title='bbox 816 1419 878 1503; x_wconf 83' lang='lat' dir='ltr'><strong>(up.</strong></span> <span class='ocrx_word' id='word_1_86' title='bbox 895 1416 1069 1481; x_wconf 86' lang='lat' dir='ltr'><strong>Eudociam</strong></span> <span class='ocrx_word' id='word_1_87' title='bbox 1085 1440 1117 1504; x_wconf 92' lang='lat' dir='ltr'><strong>p.</strong></span> <span class='ocrx_word' id='word_1_88' title='bbox 1133 1421 1222 1503; x_wconf 85' lang='lat'><strong>347.)</strong></span> <span class='ocrx_word' id='word_1_89' title='bbox 1238 1417 1280 1481; x_wconf 89' lang='lat' dir='ltr'><strong>ad</strong></span> <span class='ocrx_word' id='word_1_90' title='bbox 1302 1418 1373 1505; x_wconf 90' lang='lat' dir='ltr'><strong>phi-</strong></span> 
     </span>
     <span class='ocr_line' id='line_1_12' title="bbox 272 1518 1370 1606; baseline 0.001 -24"><span class='ocrx_word' id='word_1_91' title='bbox 272 1518 421 1605; x_wconf 83' lang='lat' dir='ltr'><strong>losephiae</strong></span> <span class='ocrx_word' id='word_1_92' title='bbox 435 1518 606 1582; x_wconf 86' lang='lat' dir='ltr'><strong>doctrinam</strong></span> <span class='ocrx_word' id='word_1_93' title='bbox 624 1532 795 1582; x_wconf 86' lang='lat' dir='ltr'><strong>traxerunt.</strong></span> <span class='ocrx_word' id='word_1_94' title='bbox 840 1519 979 1604; x_wconf 88' lang='lat' dir='ltr'><strong>Argivos</strong></span> <span class='ocrx_word' id='word_1_95' title='bbox 992 1519 1085 1582; x_wconf 86' lang='lat' dir='ltr'><strong>etiam</strong></span> <span class='ocrx_word' id='word_1_96' title='bbox 1102 1534 1198 1584; x_wconf 87' lang='lat' dir='ltr'><strong>totam</strong></span> <span class='ocrx_word' id='word_1_97' title='bbox 1219 1520 1300 1606; x_wconf 89' lang='lat' dir='ltr'><strong>ignis</strong></span> <span class='ocrx_word' id='word_1_98' title='bbox 1322 1521 1370 1583; x_wconf 90' lang='lat' dir='ltr'><strong>in-</strong></span> 
     </span>
     <span class='ocr_line' id='line_1_13' title="bbox 272 1619 1371 1707; baseline 0.005 -26"><span class='ocrx_word' id='word_1_99' title='bbox 272 1620 448 1684; x_wconf 86' lang='lat' dir='ltr'><strong>ventionem</strong></span> <span class='ocrx_word' id='word_1_100' title='bbox 480 1620 669 1684; x_wconf 92' lang='lat' dir='ltr'><strong>Prometheo</strong></span> <span class='ocrx_word' id='word_1_101' title='bbox 693 1619 887 1703; x_wconf 86' lang='lat' dir='ltr'><strong>abjudicasse</strong></span> <span class='ocrx_word' id='word_1_102' title='bbox 913 1620 1142 1707; x_wconf 89' lang='lat' dir='ltr'><strong>Phoroneoque</strong></span> <span class='ocrx_word' id='word_1_103' title='bbox 1170 1622 1326 1700; x_wconf 86' lang='lat' dir='ltr'><strong>tribuisse,</strong></span> <span class='ocrx_word' id='word_1_104' title='bbox 1353 1646 1371 1686; x_wconf 90' lang='lat' dir='ltr'><strong>e</strong></span> 
     </span>
     <span class='ocr_line' id='line_1_14' title="bbox 272 1721 1372 1809; baseline 0.004 -24"><span class='ocrx_word' id='word_1_105' title='bbox 272 1722 444 1786; x_wconf 82' lang='lat' dir='ltr'><strong>Pausaniat</strong></span> <span class='ocrx_word' id='word_1_106' title='bbox 465 1737 594 1786; x_wconf 86' lang='lat' dir='ltr'><strong>constat.</strong></span> <span class='ocrx_word' id='word_1_107' title='bbox 639 1724 761 1785; x_wconf 78' lang='lat' dir='ltr'><strong>Praeter</strong></span> <span class='ocrx_word' id='word_1_108' title='bbox 782 1721 885 1807; x_wconf 89' lang='lat' dir='ltr'><strong>ignem</strong></span> <span class='ocrx_word' id='word_1_109' title='bbox 908 1721 983 1785; x_wconf 88' lang='lat' dir='ltr'><strong>alias</strong></span> <span class='ocrx_word' id='word_1_110' title='bbox 1004 1745 1099 1807; x_wconf 84' lang='lat' dir='ltr'><strong>quarn</strong></span> <span class='ocrx_word' id='word_1_111' title='bbox 1123 1723 1283 1809; x_wconf 84' lang='lat' dir='ltr'><strong>plurimas,</strong></span> <span class='ocrx_word' id='word_1_112' title='bbox 1306 1725 1372 1789; x_wconf 90' lang='lat' dir='ltr'><strong>imo</strong></span> 
     </span>
     <span class='ocr_line' id='line_1_15' title="bbox 271 1820 1372 1911; baseline 0.001 -23"><span class='ocrx_word' id='word_1_113' title='bbox 271 1848 379 1888; x_wconf 89' lang='lat' dir='ltr'><strong>omnes</strong></span> <span class='ocrx_word' id='word_1_114' title='bbox 399 1838 481 1888; x_wconf 85' lang='lat' dir='ltr'><strong>artes</strong></span> <span class='ocrx_word' id='word_1_115' title='bbox 501 1845 574 1886; x_wconf 89' lang='lat' dir='ltr'><strong>eum</strong></span> <span class='ocrx_word' id='word_1_116' title='bbox 596 1821 760 1899; x_wconf 87' lang='lat' dir='ltr'><strong>invenisse,</strong></span> <span class='ocrx_word' id='word_1_117' title='bbox 779 1820 1026 1886; x_wconf 82' lang='lat' dir='ltr'><strong>additamentum</strong></span> <span class='ocrx_word' id='word_1_118' title='bbox 1043 1838 1101 1901; x_wconf 90' lang='lat' dir='ltr'><strong>est,</strong></span> <span class='ocrx_word' id='word_1_119' title='bbox 1116 1847 1182 1910; x_wconf 90' lang='lat' dir='ltr'><strong>quo</strong></span> <span class='ocrx_word' id='word_1_120' title='bbox 1197 1825 1372 1911; x_wconf 82' lang='lat' dir='ltr'><strong>AEschylus</strong></span> 
     </span>
     <span class='ocr_line' id='line_1_16' title="bbox 270 1923 1369 2015; baseline 0.004 -26"><span class='ocrx_word' id='word_1_121' title='bbox 270 1925 396 2012; x_wconf 88' lang='lat' dir='ltr'><strong>aliique,</strong></span> <span class='ocrx_word' id='word_1_122' title='bbox 423 1948 481 1988; x_wconf 88' lang='lat' dir='ltr'><strong>suo</strong></span> <span class='ocrx_word' id='word_1_123' title='bbox 505 1923 631 2010; x_wconf 86' lang='lat' dir='ltr'><strong>ingenio</strong></span> <span class='ocrx_word' id='word_1_124' title='bbox 654 1937 686 1986; x_wconf 92' lang='lat' dir='ltr'><strong>et</strong></span> <span class='ocrx_word' id='word_1_125' title='bbox 708 1923 835 1987; x_wconf 89' lang='lat' dir='ltr'><strong>consilio</strong></span> <span class='ocrx_word' id='word_1_126' title='bbox 859 1925 1009 2003; x_wconf 88' lang='lat' dir='ltr'><strong>obsecuti,</strong></span> <span class='ocrx_word' id='word_1_127' title='bbox 1036 1948 1099 1990; x_wconf 89' lang='lat' dir='ltr'><strong>rem</strong></span> <span class='ocrx_word' id='word_1_128' title='bbox 1128 1927 1369 2015; x_wconf 85' lang='lat' dir='ltr'><strong>amplificarunt.</strong></span> 
     </span>
     <span class='ocr_line' id='line_1_17' title="bbox 271 2025 1371 2113; baseline 0.002 -21"><span class='ocrx_word' id='word_1_129' title='bbox 271 2029 374 2105; x_wconf 90' lang='lat' dir='ltr'><strong>Plato,</strong></span> <span class='ocrx_word' id='word_1_130' title='bbox 390 2026 444 2113; x_wconf 86' lang='lat' dir='ltr'><strong>qui</strong></span> <span class='ocrx_word' id='word_1_131' title='bbox 459 2027 491 2089; x_wconf 91' lang='lat' dir='ltr'><strong>in</strong></span> <span class='ocrx_word' id='word_1_132' title='bbox 508 2025 640 2089; x_wconf 87' lang='lat' dir='ltr'><strong>Politico</strong></span> <span class='ocrx_word' id='word_1_133' title='bbox 653 2025 756 2111; x_wconf 89' lang='lat' dir='ltr'><strong>iguem</strong></span> <span class='ocrx_word' id='word_1_134' title='bbox 772 2025 899 2111; x_wconf 90' lang='lat' dir='ltr'><strong>quidem</strong></span> <span class='ocrx_word' id='word_1_135' title='bbox 915 2050 934 2090; x_wconf 90' lang='lat' dir='ltr'><strong>a</strong></span> <span class='ocrx_word' id='word_1_136' title='bbox 949 2029 1148 2106; x_wconf 88' lang='lat' dir='ltr'><strong>Prometheo,</strong></span> <span class='ocrx_word' id='word_1_137' title='bbox 1163 2042 1282 2094; x_wconf 82' lang='lat' dir='ltr'><strong>ceteras</strong></span> <span class='ocrx_word' id='word_1_138' title='bbox 1296 2053 1371 2094; x_wconf 80' lang='lat' dir='ltr'><strong>vero</strong></span> 
     </span>
     <span class='ocr_line' id='line_1_18' title="bbox 270 2125 1370 2212; baseline 0.003 -19"><span class='ocrx_word' id='word_1_139' title='bbox 270 2143 353 2194; x_wconf 88' lang='lat' dir='ltr'><strong>artes</strong></span> <span class='ocrx_word' id='word_1_140' title='bbox 366 2127 536 2192; x_wconf 86' lang='lat' dir='ltr'><strong>aVulcano</strong></span> <span class='ocrx_word' id='word_1_141' title='bbox 549 2128 680 2212; x_wconf 88' lang='lat' dir='ltr'><strong>ejusque</strong></span> <span class='ocrx_word' id='word_1_142' title='bbox 689 2125 764 2189; x_wconf 86' lang='lat' dir='ltr'><strong>artis</strong></span> <span class='ocrx_word' id='word_1_143' title='bbox 777 2140 929 2205; x_wconf 89' lang='lat' dir='ltr'><strong>consorte,</strong></span> <span class='ocrx_word' id='word_1_144' title='bbox 945 2127 978 2191; x_wconf 92' lang='lat' dir='ltr'><strong>h.</strong></span> <span class='ocrx_word' id='word_1_145' title='bbox 993 2152 1019 2191; x_wconf 94' lang='lat' dir='ltr'><strong>e.</strong></span> <span class='ocrx_word' id='word_1_146' title='bbox 1037 2129 1183 2194; x_wconf 89' lang='lat' dir='ltr'><strong>Minerva</strong></span> <span class='ocrx_word' id='word_1_147' title='bbox 1190 2144 1217 2209; x_wconf 83' lang='lat'><strong>¹¹,</strong></span> <span class='ocrx_word' id='word_1_148' title='bbox 1229 2131 1370 2208; x_wconf 87' lang='lat' dir='ltr'><strong>deducit,</strong></span> 
     </span>
     <span class='ocr_line' id='line_1_19' title="bbox 269 2227 1371 2317; baseline 0.002 -23"><span class='ocrx_word' id='word_1_149' title='bbox 269 2231 351 2295; x_wconf 91' lang='lat' dir='ltr'><strong>idem</strong></span> <span class='ocrx_word' id='word_1_150' title='bbox 369 2245 472 2294; x_wconf 89' lang='lat' dir='ltr'><strong>tamen</strong></span> <span class='ocrx_word' id='word_1_151' title='bbox 487 2229 576 2293; x_wconf 89' lang='lat' dir='ltr'><strong>aliter</strong></span> <span class='ocrx_word' id='word_1_152' title='bbox 598 2229 677 2292; x_wconf 91' lang='lat' dir='ltr'><strong>hanc</strong></span> <span class='ocrx_word' id='word_1_153' title='bbox 692 2227 830 2291; x_wconf 85' lang='lat' dir='ltr'><strong>fabulam</strong></span> <span class='ocrx_word' id='word_1_154' title='bbox 853 2229 999 2293; x_wconf 87' lang='lat' dir='ltr'><strong>contexit.</strong></span> <span class='ocrx_word' id='word_1_155' title='bbox 1039 2228 1103 2294; x_wconf 86' lang='grc' dir='ltr'><strong>Ἦν</strong></span> <span class='ocrx_word' id='word_1_156' title='bbox 1124 2232 1182 2312; x_wconf 80' lang='grc' dir='ltr'>γάρ</span> <span class='ocrx_word' id='word_1_157' title='bbox 1204 2257 1279 2297; x_wconf 86' lang='grc' dir='ltr'>ποτε</span> <span class='ocrx_word' id='word_1_158' title='bbox 1299 2236 1371 2317; x_wconf 88' lang='grc' dir='ltr'>χρό-</span> 
     </span>
     <span class='ocr_line' id='line_1_20' title="bbox 271 2329 1369 2412; baseline 0.001 -14"><span class='ocrx_word' id='word_1_159' title='bbox 271 2360 331 2407; x_wconf 91' lang='grc' dir='ltr'>νος,</span> <span class='ocrx_word' id='word_1_160' title='bbox 348 2335 398 2398; x_wconf 84' lang='grc' dir='ltr'>ὅτε</span> <span class='ocrx_word' id='word_1_161' title='bbox 421 2333 484 2397; x_wconf 81' lang='grc' dir='ltr'>θεοὶ</span> <span class='ocrx_word' id='word_1_162' title='bbox 504 2334 562 2412; x_wconf 77' lang='grc' dir='ltr'>μὲν</span> <span class='ocrx_word' id='word_1_163' title='bbox 582 2330 672 2409; x_wconf 83' lang='grc' dir='ltr'>ἦσαν,</span> <span class='ocrx_word' id='word_1_164' title='bbox 689 2331 782 2408; x_wconf 76' lang='grc' dir='ltr'>θνητὰ</span> <span class='ocrx_word' id='word_1_165' title='bbox 795 2331 829 2391; x_wconf 76' lang='grc' dir='ltr'><strong>δέ</strong></span> <span class='ocrx_word' id='word_1_166' title='bbox 844 2329 917 2411; x_wconf 98' lang='grc' dir='ltr'>γένη</span> <span class='ocrx_word' id='word_1_167' title='bbox 931 2330 984 2393; x_wconf 84' lang='grc' dir='ltr'><strong>οὐκ</strong></span> <span class='ocrx_word' id='word_1_168' title='bbox 1005 2330 1052 2410; x_wconf 79' lang='grc' dir='ltr'><strong>ἦν·</strong></span> <span class='ocrx_word' id='word_1_169' title='bbox 1075 2333 1176 2411; x_wconf 80' lang='grc' dir='ltr'>ἐπειδὴ</span> <span class='ocrx_word' id='word_1_170' title='bbox 1190 2334 1223 2396; x_wconf 83' lang='grc' dir='ltr'>δέ</span> <span class='ocrx_word' id='word_1_171' title='bbox 1239 2335 1287 2397; x_wconf 80' lang='grc' dir='ltr'><strong>καὶ</strong></span> <span class='ocrx_word' id='word_1_172' title='bbox 1301 2337 1369 2400; x_wconf 83' lang='grc' dir='ltr'>ποό-</span> 
     </span>
     <span class='ocr_line' id='line_1_21' title="bbox 269 2430 1371 2519; baseline 0.003 -19"><span class='ocrx_word' id='word_1_173' title='bbox 269 2462 332 2503; x_wconf 97' lang='grc' dir='ltr'>τοις</span> <span class='ocrx_word' id='word_1_174' title='bbox 350 2437 459 2519; x_wconf 88' lang='grc' dir='ltr'>χρόνος</span> <span class='ocrx_word' id='word_1_175' title='bbox 478 2435 571 2515; x_wconf 79' lang='grc' dir='ltr'>ἦλθεν</span> <span class='ocrx_word' id='word_1_176' title='bbox 592 2431 767 2514; x_wconf 75' lang='grc' dir='ltr'>εἱμαρμένος</span> <span class='ocrx_word' id='word_1_177' title='bbox 789 2430 946 2513; x_wconf 89' lang='grc' dir='ltr'>γενέσεως,</span> <span class='ocrx_word' id='word_1_178' title='bbox 967 2437 1111 2496; x_wconf 83' lang='grc' dir='ltr'>τυποῦσιν</span> <span class='ocrx_word' id='word_1_179' title='bbox 1131 2434 1207 2498; x_wconf 80' lang='grc' dir='ltr'>αὐτὰ</span> <span class='ocrx_word' id='word_1_180' title='bbox 1229 2436 1292 2499; x_wconf 77' lang='grc' dir='ltr'>θεοὶ</span> <span class='ocrx_word' id='word_1_181' title='bbox 1315 2440 1371 2518; x_wconf 82' lang='grc' dir='ltr'><strong>γῆς</strong></span> 
     </span>
     <span class='ocr_line' id='line_1_22' title="bbox 270 2533 1370 2622; baseline 0 -21"><span class='ocrx_word' id='word_1_182' title='bbox 270 2538 367 2610; x_wconf 75' lang='grc' dir='ltr'>ἔνδον,</span> <span class='ocrx_word' id='word_1_183' title='bbox 384 2541 418 2600; x_wconf 89' lang='grc' dir='ltr'><strong>ἐκ</strong></span> <span class='ocrx_word' id='word_1_184' title='bbox 438 2541 492 2617; x_wconf 72' lang='grc' dir='ltr'><strong>γῆς</strong></span> <span class='ocrx_word' id='word_1_185' title='bbox 514 2537 562 2599; x_wconf 77' lang='grc' dir='ltr'><strong>καὶ</strong></span> <span class='ocrx_word' id='word_1_186' title='bbox 581 2535 672 2615; x_wconf 85' lang='grc' dir='ltr'>πυρὸς</span> <span class='ocrx_word' id='word_1_187' title='bbox 684 2535 829 2612; x_wconf 70' lang='grc' dir='ltr'>μίξαντες,</span> <span class='ocrx_word' id='word_1_188' title='bbox 847 2533 895 2595; x_wconf 82' lang='grc' dir='ltr'><strong>καὶ</strong></span> <span class='ocrx_word' id='word_1_189' title='bbox 909 2538 968 2594; x_wconf 87' lang='grc' dir='ltr'><strong>τῶν</strong></span> <span class='ocrx_word' id='word_1_190' title='bbox 982 2534 1041 2595; x_wconf 85' lang='grc' dir='ltr'><strong>ὅσα</strong></span> <span class='ocrx_word' id='word_1_191' title='bbox 1055 2534 1124 2615; x_wconf 80' lang='grc' dir='ltr'>πυρὶ</span> <span class='ocrx_word' id='word_1_192' title='bbox 1140 2536 1188 2597; x_wconf 81' lang='grc' dir='ltr'><strong>καὶ</strong></span> <span class='ocrx_word' id='word_1_193' title='bbox 1206 2539 1246 2622; x_wconf 77' lang='grc' dir='ltr'><strong>γῇ</strong></span> <span class='ocrx_word' id='word_1_194' title='bbox 1268 2537 1370 2617; x_wconf 84' lang='grc' dir='ltr'>κερᾶν-</span> 
     </span>
     <span class='ocr_line' id='line_1_23' title="bbox 270 2633 1371 2717; baseline 0 -16"><span class='ocrx_word' id='word_1_195' title='bbox 270 2663 366 2702; x_wconf 81' lang='grc' dir='ltr'>νυται.</span> <span class='ocrx_word' id='word_1_196' title='bbox 409 2636 510 2714; x_wconf 75' lang='grc' dir='ltr'>ἐπειδὴ</span> <span class='ocrx_word' id='word_1_197' title='bbox 540 2634 564 2698; x_wconf 80' lang='grc' dir='ltr'><strong>δ’</strong></span> <span class='ocrx_word' id='word_1_198' title='bbox 597 2635 682 2715; x_wconf 80' lang='grc' dir='ltr'>ἄγειν</span> <span class='ocrx_word' id='word_1_199' title='bbox 706 2634 780 2696; x_wconf 72' lang='grc' dir='ltr'>αὐτὸ</span> <span class='ocrx_word' id='word_1_200' title='bbox 813 2633 886 2713; x_wconf 84' lang='grc' dir='ltr'>πρὸς</span> <span class='ocrx_word' id='word_1_201' title='bbox 918 2639 981 2714; x_wconf 80' lang='grc' dir='ltr'><strong>φῶς</strong></span> <span class='ocrx_word' id='word_1_202' title='bbox 1014 2634 1154 2714; x_wconf 80' lang='grc' dir='ltr'>ἔμελλον,</span> <span class='ocrx_word' id='word_1_203' title='bbox 1181 2636 1371 2717; x_wconf 76' lang='grc' dir='ltr'>προσέταξαν</span> 
     </span>
     <span class='ocr_line' id='line_1_24' title="bbox 270 2733 1372 2820; baseline 0.005 -21"><span class='ocrx_word' id='word_1_204' title='bbox 270 2741 426 2817; x_wconf 77' lang='grc' dir='ltr'>Προμηθεῖ</span> <span class='ocrx_word' id='word_1_205' title='bbox 462 2736 509 2797; x_wconf 89' lang='grc' dir='ltr'><strong>καὶ</strong></span> <span class='ocrx_word' id='word_1_206' title='bbox 544 2733 703 2812; x_wconf 83' lang='grc' dir='ltr'>Ἐπιμηθεῖ</span> <span class='ocrx_word' id='word_1_207' title='bbox 753 2735 903 2811; x_wconf 83' lang='grc' dir='ltr'>κοσμῆσαί</span> <span class='ocrx_word' id='word_1_208' title='bbox 940 2759 972 2797; x_wconf 83' lang='grc' dir='ltr'>τε</span> <span class='ocrx_word' id='word_1_209' title='bbox 1010 2737 1058 2798; x_wconf 81' lang='grc' dir='ltr'><strong>καὶ</strong></span> <span class='ocrx_word' id='word_1_210' title='bbox 1095 2742 1192 2815; x_wconf 80' lang='grc' dir='ltr'>νεῖμαι</span> <span class='ocrx_word' id='word_1_211' title='bbox 1233 2738 1372 2820; x_wconf 80' lang='grc' dir='ltr'>δυνόμεις</span> 
     </span>
     <span class='ocr_line' id='line_1_25' title="bbox 235 2832 1371 2917; baseline 0.004 -19"><span class='ocrx_word' id='word_1_212' title='bbox 235 2845 248 2861; x_wconf 63' lang='grc'><em>“</em></span> <span class='ocrx_word' id='word_1_213' title='bbox 271 2835 407 2902; x_wconf 80' lang='grc' dir='ltr'>ἑκάστοις</span> <span class='ocrx_word' id='word_1_214' title='bbox 429 2837 467 2901; x_wconf 85' lang='grc' dir='ltr'><strong>ὡς</strong></span> <span class='ocrx_word' id='word_1_215' title='bbox 488 2833 602 2916; x_wconf 85' lang='grc' dir='ltr'>πρέπει.</span> <span class='ocrx_word' id='word_1_216' title='bbox 647 2832 810 2914; x_wconf 85' lang='grc' dir='ltr'>Προμηθέα</span> <span class='ocrx_word' id='word_1_217' title='bbox 830 2835 863 2895; x_wconf 77' lang='grc' dir='ltr'><strong>δέ</strong></span> <span class='ocrx_word' id='word_1_218' title='bbox 882 2843 1066 2914; x_wconf 84' lang='grc' dir='ltr'>παραιτεῖται</span> <span class='ocrx_word' id='word_1_219' title='bbox 1082 2833 1261 2917; x_wconf 78' lang='grc' dir='ltr'>Ἐπιμηθεὺς</span> <span class='ocrx_word' id='word_1_220' title='bbox 1282 2841 1371 2908; x_wconf 81' lang='grc' dir='ltr'>αὐτὸς</span> 
     </span>
     <span class='ocr_line' id='line_1_26' title="bbox 270 2934 1370 3017; baseline 0.005 -16"><span class='ocrx_word' id='word_1_221' title='bbox 270 2944 376 3017; x_wconf 81' lang='grc' dir='ltr'>νεῖμαι.</span> <span class='ocrx_word' id='word_1_222' title='bbox 422 2938 590 3015; x_wconf 83' lang='grc' dir='ltr'>Νείμαντος</span> <span class='ocrx_word' id='word_1_223' title='bbox 604 2934 638 2998; x_wconf 85' lang='grc' dir='ltr'><strong>δέ</strong></span> <span class='ocrx_word' id='word_1_224' title='bbox 651 2961 718 3014; x_wconf 86' lang='grc' dir='ltr'>μου,</span> <span class='ocrx_word' id='word_1_225' title='bbox 735 2935 804 3015; x_wconf 86' lang='grc' dir='ltr'>ἐφη,</span> <span class='ocrx_word' id='word_1_226' title='bbox 821 2935 993 3017; x_wconf 71' lang='grc' dir='ltr'>ἐπίσκεψαι.</span> <span class='ocrx_word' id='word_1_227' title='bbox 1031 2938 1088 3000; x_wconf 78' lang='grc' dir='ltr'><strong>Καὶ</strong></span> <span class='ocrx_word' id='word_1_228' title='bbox 1103 2941 1179 3003; x_wconf 74' lang='grc' dir='ltr'>οὕτω</span> <span class='ocrx_word' id='word_1_229' title='bbox 1192 2942 1300 3009; x_wconf 81' lang='grc' dir='ltr'>πείσας</span> <span class='ocrx_word' id='word_1_230' title='bbox 1321 2944 1370 3007; x_wconf 88' lang='grc' dir='ltr'><strong>νέ-</strong></span> 
     </span>
     <span class='ocr_line' id='line_1_27' title="bbox 268 3034 1371 3119; baseline 0.002 -17"><span class='ocrx_word' id='word_1_231' title='bbox 268 3036 444 3119; x_wconf 75' lang='lat' dir='ltr'><strong>pec—&#39;Ars</strong></span> <span class='ocrx_word' id='word_1_232' title='bbox 466 3037 501 3114; x_wconf 73' lang='grc' dir='ltr'><strong>δὴ</strong></span> <span class='ocrx_word' id='word_1_233' title='bbox 523 3038 576 3100; x_wconf 75' lang='grc' dir='ltr'><strong>οὖν</strong></span> <span class='ocrx_word' id='word_1_234' title='bbox 599 3036 634 3099; x_wconf 80' lang='grc' dir='ltr'><strong>οὗ</strong></span> <span class='ocrx_word' id='word_1_235' title='bbox 657 3034 736 3098; x_wconf 89' lang='grc' dir='ltr'><strong>πᾶνν</strong></span> <span class='ocrx_word' id='word_1_236' title='bbox 756 3059 802 3098; x_wconf 89' lang='grc' dir='ltr'><strong>τοι</strong></span> <span class='ocrx_word' id='word_1_237' title='bbox 824 3034 920 3115; x_wconf 78' lang='grc' dir='ltr'>σοφὸς</span> <span class='ocrx_word' id='word_1_238' title='bbox 942 3034 986 3099; x_wconf 81' lang='grc' dir='ltr'><strong>ἄν</strong></span> <span class='ocrx_word' id='word_1_239' title='bbox 1009 3039 1026 3098; x_wconf 88' lang='grc' dir='ltr'>ό</span> <span class='ocrx_word' id='word_1_240' title='bbox 1048 3036 1235 3118; x_wconf 78' lang='grc' dir='ltr'>Ἐπιμηθεὺς,</span> <span class='ocrx_word' id='word_1_241' title='bbox 1260 3044 1371 3110; x_wconf 77' lang='grc' dir='ltr'>ἔλαθεν</span> 
     </span>
     <span class='ocr_line' id='line_1_28' title="bbox 269 3135 1371 3224; baseline 0.006 -21"><span class='ocrx_word' id='word_1_242' title='bbox 269 3140 360 3204; x_wconf 80' lang='grc' dir='ltr'>αὑτὸν</span> <span class='ocrx_word' id='word_1_243' title='bbox 384 3138 600 3203; x_wconf 80' lang='grc' dir='ltr'>καταναλώσας</span> <span class='ocrx_word' id='word_1_244' title='bbox 622 3139 675 3202; x_wconf 74' lang='grc' dir='ltr'><strong>τὰς</strong></span> <span class='ocrx_word' id='word_1_245' title='bbox 700 3135 837 3214; x_wconf 78' lang='grc' dir='ltr'>δυνάμεις</span> <span class='ocrx_word' id='word_1_246' title='bbox 856 3137 899 3200; x_wconf 81' lang='grc' dir='ltr'>είς</span> <span class='ocrx_word' id='word_1_247' title='bbox 923 3137 960 3198; x_wconf 74' lang='grc' dir='ltr'><strong>τὰ</strong></span> <span class='ocrx_word' id='word_1_248' title='bbox 985 3138 1093 3220; x_wconf 86' lang='grc' dir='ltr'>ἄλογα.</span> <span class='ocrx_word' id='word_1_249' title='bbox 1130 3143 1247 3206; x_wconf 81' lang='grc' dir='ltr'>Λοιπὸν</span> <span class='ocrx_word' id='word_1_250' title='bbox 1269 3145 1305 3224; x_wconf 74' lang='grc' dir='ltr'><strong>δὴ</strong></span> <span class='ocrx_word' id='word_1_251' title='bbox 1327 3147 1371 3210; x_wconf 82' lang='grc' dir='ltr'><strong>ἐτι</strong></span> 
     </span>
     <span class='ocr_line' id='line_1_29' title="bbox 269 3236 1371 3329; baseline 0.005 -26"><span class='ocrx_word' id='word_1_252' title='bbox 269 3242 439 3321; x_wconf 78' lang='grc' dir='ltr'>ἀκόσμητον</span> <span class='ocrx_word' id='word_1_253' title='bbox 454 3239 533 3323; x_wconf 68' lang='grc' dir='ltr'>αὐτῷ</span> <span class='ocrx_word' id='word_1_254' title='bbox 555 3238 592 3318; x_wconf 79' lang='grc' dir='ltr'><strong>ἦν</strong></span> <span class='ocrx_word' id='word_1_255' title='bbox 607 3238 641 3300; x_wconf 84' lang='grc' dir='ltr'><strong>τὸ</strong></span> <span class='ocrx_word' id='word_1_256' title='bbox 655 3243 714 3301; x_wconf 80' lang='grc' dir='ltr'><strong>τῶν</strong></span> <span class='ocrx_word' id='word_1_257' title='bbox 734 3237 896 3318; x_wconf 80' lang='grc' dir='ltr'>ἀνθρώπων</span> <span class='ocrx_word' id='word_1_258' title='bbox 910 3236 998 3318; x_wconf 87' lang='grc' dir='ltr'>γένος</span> <span class='ocrx_word' id='word_1_259' title='bbox 1019 3242 1067 3304; x_wconf 81' lang='grc' dir='ltr'><strong>καὶ</strong></span> <span class='ocrx_word' id='word_1_260' title='bbox 1089 3241 1193 3323; x_wconf 77' lang='grc' dir='ltr'>ι’μιόρει</span> <span class='ocrx_word' id='word_1_261' title='bbox 1212 3246 1231 3306; x_wconf 83' lang='grc' dir='ltr'>ἄ</span> <span class='ocrx_word' id='word_1_262' title='bbox 1250 3271 1278 3309; x_wconf 90' lang='grc' dir='ltr'><strong>τι</strong></span> <span class='ocrx_word' id='word_1_263' title='bbox 1299 3247 1371 3329; x_wconf 74' lang='grc' dir='ltr'>χρή.</span> 
     </span>
     <span class='ocr_line' id='line_1_30' title="bbox 269 3338 1372 3427; baseline 0.006 -23"><span class='ocrx_word' id='word_1_264' title='bbox 269 3367 364 3405; x_wconf 90' lang='grc' dir='ltr'>σαιτο.</span> <span class='ocrx_word' id='word_1_265' title='bbox 409 3338 588 3420; x_wconf 83' lang='grc' dir='ltr'>Ἀποροῦντι</span> <span class='ocrx_word' id='word_1_266' title='bbox 603 3342 636 3402; x_wconf 76' lang='grc' dir='ltr'><strong>δέ</strong></span> <span class='ocrx_word' id='word_1_267' title='bbox 651 3340 728 3423; x_wconf 77' lang='grc' dir='ltr'>αὐτῷ</span> <span class='ocrx_word' id='word_1_268' title='bbox 745 3339 865 3420; x_wconf 85' lang='grc' dir='ltr'>ἔρχεται</span> <span class='ocrx_word' id='word_1_269' title='bbox 879 3341 1053 3419; x_wconf 84' lang='grc' dir='ltr'>Προμηθεὺς</span> <span class='ocrx_word' id='word_1_270' title='bbox 1065 3344 1306 3427; x_wconf 74' lang='grc' dir='ltr'>ἐπισκεψόμενος</span> <span class='ocrx_word' id='word_1_271' title='bbox 1316 3348 1372 3427; x_wconf 74' lang='grc' dir='ltr'><strong>τὴν</strong></span> 
     </span>
     <span class='ocr_line' id='line_1_31' title="bbox 269 3440 1371 3528; baseline 0.005 -21"><span class='ocrx_word' id='word_1_272' title='bbox 269 3440 372 3520; x_wconf 80' lang='grc' dir='ltr'>νομήν·</span> <span class='ocrx_word' id='word_1_273' title='bbox 396 3442 444 3505; x_wconf 77' lang='grc' dir='ltr'><strong>καὶ</strong></span> <span class='ocrx_word' id='word_1_274' title='bbox 458 3444 514 3524; x_wconf 65' lang='lat' dir='ltr'><strong>opti</strong></span> <span class='ocrx_word' id='word_1_275' title='bbox 529 3441 637 3519; x_wconf 75' lang='grc' dir='ltr'>τὰμὲν</span> <span class='ocrx_word' id='word_1_276' title='bbox 651 3442 735 3503; x_wconf 88' lang='grc' dir='ltr'>ἄλλα</span> <span class='ocrx_word' id='word_1_277' title='bbox 751 3443 810 3513; x_wconf 75' lang='grc' dir='ltr'><strong>ζῶα</strong></span> <span class='ocrx_word' id='word_1_278' title='bbox 830 3441 964 3517; x_wconf 80' lang='grc' dir='ltr'>ἐμμελῶς</span> <span class='ocrx_word' id='word_1_279' title='bbox 984 3440 1105 3506; x_wconf 85' lang='grc' dir='ltr'>πόντων</span> <span class='ocrx_word' id='word_1_280' title='bbox 1126 3445 1247 3528; x_wconf 73' lang='grc' dir='ltr'>ἔχοντα,</span> <span class='ocrx_word' id='word_1_281' title='bbox 1264 3448 1319 3512; x_wconf 85' lang='grc' dir='ltr'><strong>τὸν</strong></span> <span class='ocrx_word' id='word_1_282' title='bbox 1338 3452 1371 3514; x_wconf 80' lang='grc' dir='ltr'>δέ</span> 
     </span>
     <span class='ocr_line' id='line_1_32' title="bbox 267 3540 1371 3624; baseline 0.006 -17"><span class='ocrx_word' id='word_1_283' title='bbox 267 3545 425 3624; x_wconf 82' lang='grc' dir='ltr'>ἄνθρωπον</span> <span class='ocrx_word' id='word_1_284' title='bbox 446 3543 561 3623; x_wconf 86' lang='grc' dir='ltr'>γυμνόν</span> <span class='ocrx_word' id='word_1_285' title='bbox 586 3565 619 3604; x_wconf 90' lang='grc' dir='ltr'>τε</span> <span class='ocrx_word' id='word_1_286' title='bbox 639 3541 687 3604; x_wconf 83' lang='grc' dir='ltr'><strong>καὶ</strong></span> <span class='ocrx_word' id='word_1_287' title='bbox 708 3541 901 3618; x_wconf 81' lang='grc' dir='ltr'>ἄννπόᾶητον,</span> <span class='ocrx_word' id='word_1_288' title='bbox 925 3540 973 3603; x_wconf 83' lang='grc' dir='ltr'><strong>καὶ</strong></span> <span class='ocrx_word' id='word_1_289' title='bbox 996 3543 1148 3624; x_wconf 75' lang='grc' dir='ltr'>ἄπρατον</span> <span class='ocrx_word' id='word_1_290' title='bbox 1173 3548 1221 3610; x_wconf 81' lang='grc' dir='ltr'><strong>καὶ</strong></span> <span class='ocrx_word' id='word_1_291' title='bbox 1243 3549 1371 3614; x_wconf 86' lang='grc' dir='ltr'>ἄοπλον.</span> 
     </span>
     <span class='ocr_line' id='line_1_33' title="bbox 263 3639 1372 3731; baseline 0.008 -25"><span class='ocrx_word' id='word_1_292' title='bbox 263 3641 346 3721; x_wconf 85' lang='grc' dir='ltr'>Ἤδη</span> <span class='ocrx_word' id='word_1_293' title='bbox 368 3644 402 3706; x_wconf 78' lang='grc' dir='ltr'>δέ</span> <span class='ocrx_word' id='word_1_294' title='bbox 425 3643 473 3704; x_wconf 84' lang='grc' dir='ltr'><strong>καὶ</strong></span> <span class='ocrx_word' id='word_1_295' title='bbox 492 3643 511 3720; x_wconf 82' lang='grc' dir='ltr'><em>ἡ</em></span> <span class='ocrx_word' id='word_1_296' title='bbox 534 3639 693 3720; x_wconf 74' lang='grc' dir='ltr'>εἱμαρμένη</span> <span class='ocrx_word' id='word_1_297' title='bbox 714 3639 809 3721; x_wconf 79' lang='grc' dir='ltr'>ἡμέρα</span> <span class='ocrx_word' id='word_1_298' title='bbox 828 3643 935 3720; x_wconf 81' lang='grc' dir='ltr'>παρῆν,</span> <span class='ocrx_word' id='word_1_299' title='bbox 957 3643 990 3704; x_wconf 82' lang='grc' dir='ltr'><strong>έν</strong></span> <span class='ocrx_word' id='word_1_300' title='bbox 1012 3640 1032 3728; x_wconf 73' lang='grc' dir='ltr'><strong><em>ᾖ</em></strong></span> <span class='ocrx_word' id='word_1_301' title='bbox 1054 3644 1114 3707; x_wconf 82' lang='grc' dir='ltr'>ἔδει</span> <span class='ocrx_word' id='word_1_302' title='bbox 1138 3647 1187 3710; x_wconf 77' lang='grc' dir='ltr'><strong>καὶ</strong></span> <span class='ocrx_word' id='word_1_303' title='bbox 1212 3649 1372 3731; x_wconf 83' lang='grc' dir='ltr'>ἄνθρωπον</span> 
     </span>
     <span class='ocr_line' id='line_1_34' title="bbox 268 3737 1373 3829; baseline 0.005 -22"><span class='ocrx_word' id='word_1_304' title='bbox 268 3743 379 3823; x_wconf 73' lang='grc' dir='ltr'>ἐξιέναι</span> <span class='ocrx_word' id='word_1_305' title='bbox 394 3744 427 3806; x_wconf 91' lang='grc' dir='ltr'><strong>ἐκ</strong></span> <span class='ocrx_word' id='word_1_306' title='bbox 441 3745 496 3823; x_wconf 78' lang='grc' dir='ltr'><strong>γῆς</strong></span> <span class='ocrx_word' id='word_1_307' title='bbox 511 3743 553 3806; x_wconf 81' lang='grc' dir='ltr'>εἰς</span> <span class='ocrx_word' id='word_1_308' title='bbox 567 3745 642 3821; x_wconf 80' lang='grc' dir='ltr'>φῶς.</span> <span class='ocrx_word' id='word_1_309' title='bbox 665 3737 791 3823; x_wconf 81' lang='grc' dir='ltr'>Ἀπορίη</span> <span class='ocrx_word' id='word_1_310' title='bbox 805 3740 859 3803; x_wconf 76' lang='grc' dir='ltr'><strong>οὖν</strong></span> <span class='ocrx_word' id='word_1_311' title='bbox 874 3741 1017 3822; x_wconf 77' lang='grc' dir='ltr'>ἐχόμενος</span> <span class='ocrx_word' id='word_1_312' title='bbox 1031 3747 1048 3806; x_wconf 86' lang='grc' dir='ltr'>θ</span> <span class='ocrx_word' id='word_1_313' title='bbox 1064 3749 1249 3826; x_wconf 84' lang='grc' dir='ltr'>Προμηθεὺς,</span> <span class='ocrx_word' id='word_1_314' title='bbox 1265 3751 1373 3829; x_wconf 80' lang='grc' dir='ltr'>ἥντινα</span> 
     </span>
     <span class='ocr_line' id='line_1_35' title="bbox 267 3837 1373 3934; baseline 0.009 -27"><span class='ocrx_word' id='word_1_315' title='bbox 267 3845 416 3926; x_wconf 80' lang='grc' dir='ltr'>σωτηρίαν</span> <span class='ocrx_word' id='word_1_316' title='bbox 435 3843 476 3927; x_wconf 70' lang='grc' dir='ltr'><strong>τῷ</strong></span> <span class='ocrx_word' id='word_1_317' title='bbox 496 3840 641 3924; x_wconf 80' lang='grc' dir='ltr'>ἄνθρόπιρ</span> <span class='ocrx_word' id='word_1_318' title='bbox 664 3841 752 3920; x_wconf 76' lang='grc' dir='ltr'>εὕροι,</span> <span class='ocrx_word' id='word_1_319' title='bbox 769 3839 891 3903; x_wconf 85' lang='grc' dir='ltr'>κλέπτει</span> <span class='ocrx_word' id='word_1_320' title='bbox 910 3837 1083 3922; x_wconf 81' lang='grc' dir='ltr'>Ἡφαίστου</span> <span class='ocrx_word' id='word_1_321' title='bbox 1103 3847 1152 3910; x_wconf 79' lang='grc' dir='ltr'><strong>καὶ</strong></span> <span class='ocrx_word' id='word_1_322' title='bbox 1164 3845 1296 3928; x_wconf 78' lang='grc' dir='ltr'>Ἀθηνᾶς</span> <span class='ocrx_word' id='word_1_323' title='bbox 1317 3852 1373 3934; x_wconf 72' lang='grc' dir='ltr'><strong>τὴν</strong></span> 
     </span>
     <span class='ocr_line' id='line_1_36' title="bbox 268 3939 1372 4034; baseline 0.009 -25"><span class='ocrx_word' id='word_1_324' title='bbox 268 3947 411 4029; x_wconf 87' lang='grc' dir='ltr'>ἐντεχνον</span> <span class='ocrx_word' id='word_1_325' title='bbox 433 3944 547 4027; x_wconf 81' lang='grc' dir='ltr'>σοφίαν</span> <span class='ocrx_word' id='word_1_326' title='bbox 566 3942 624 4006; x_wconf 74' lang='grc' dir='ltr'><strong>σὺν</strong></span> <span class='ocrx_word' id='word_1_327' title='bbox 646 3941 716 4020; x_wconf 83' lang='grc' dir='ltr'>πυρὶ</span> <span class='ocrx_word' id='word_1_328' title='bbox 740 3939 909 4022; x_wconf 76' lang='grc' dir='ltr'>(ἀμήχανον</span> <span class='ocrx_word' id='word_1_329' title='bbox 925 3944 984 4023; x_wconf 83' lang='grc' dir='ltr'>γᾶρ</span> <span class='ocrx_word' id='word_1_330' title='bbox 1006 3943 1044 4023; x_wconf 78' lang='grc' dir='ltr'><strong>ἦν</strong></span> <span class='ocrx_word' id='word_1_331' title='bbox 1067 3948 1139 4011; x_wconf 84' lang='grc' dir='ltr'>ἄνευ</span> <span class='ocrx_word' id='word_1_332' title='bbox 1160 3950 1253 4031; x_wconf 83' lang='grc' dir='ltr'>πυρὸς</span> <span class='ocrx_word' id='word_1_333' title='bbox 1279 3953 1372 4034; x_wconf 75' lang='grc' dir='ltr'>αὐτὴν</span> 
     </span>
     <span class='ocr_line' id='line_1_37' title="bbox 269 4041 1371 4140; baseline 0.009 -34"><span class='ocrx_word' id='word_1_334' title='bbox 269 4047 375 4126; x_wconf 74' lang='grc' dir='ltr'>κτητήν</span> <span class='ocrx_word' id='word_1_335' title='bbox 396 4073 436 4130; x_wconf 72' lang='grc' dir='ltr'>περ</span> <span class='ocrx_word' id='word_1_336' title='bbox 458 4043 477 4125; x_wconf 85' lang='grc' dir='ltr'>ἢ</span> <span class='ocrx_word' id='word_1_337' title='bbox 499 4045 648 4128; x_wconf 85' lang='grc' dir='ltr'>χρησίμην</span> <span class='ocrx_word' id='word_1_338' title='bbox 670 4041 825 4125; x_wconf 81' lang='grc' dir='ltr'>γενέσθω)</span> <span class='ocrx_word' id='word_1_339' title='bbox 851 4044 899 4106; x_wconf 83' lang='grc' dir='ltr'><strong>καὶ</strong></span> <span class='ocrx_word' id='word_1_340' title='bbox 918 4045 993 4106; x_wconf 73' lang='grc' dir='ltr'>οὕτω</span> <span class='ocrx_word' id='word_1_341' title='bbox 1013 4045 1047 4124; x_wconf 78' lang='grc' dir='ltr'><strong>δη</strong></span> <span class='ocrx_word' id='word_1_342' title='bbox 1065 4052 1200 4129; x_wconf 79' lang='grc' dir='ltr'>δωρεῖται</span> <span class='ocrx_word' id='word_1_343' title='bbox 1214 4052 1371 4140; x_wconf 79' lang='grc' dir='ltr'>ἄνθρᾶπιρ.</span> 
     </span>
     <span class='ocr_line' id='line_1_38' title="bbox 266 4145 1372 4235; baseline 0.004 -25"><span class='ocrx_word' id='word_1_344' title='bbox 266 4146 331 4225; x_wconf 75' lang='grc' dir='ltr'><strong>Τὴν</strong></span> <span class='ocrx_word' id='word_1_345' title='bbox 345 4149 401 4225; x_wconf 77' lang='grc' dir='ltr'>μέν</span> <span class='ocrx_word' id='word_1_346' title='bbox 416 4147 470 4209; x_wconf 78' lang='grc' dir='ltr'><strong>οὖν</strong></span> <span class='ocrx_word' id='word_1_347' title='bbox 484 4147 552 4227; x_wconf 80' lang='grc' dir='ltr'>περὶ</span> <span class='ocrx_word' id='word_1_348' title='bbox 569 4146 623 4208; x_wconf 87' lang='grc' dir='ltr'><strong>τὸν</strong></span> <span class='ocrx_word' id='word_1_349' title='bbox 636 4145 708 4224; x_wconf 83' lang='grc' dir='ltr'>βίον</span> <span class='ocrx_word' id='word_1_350' title='bbox 727 4145 843 4225; x_wconf 83' lang='grc' dir='ltr'>σοφίαν</span> <span class='ocrx_word' id='word_1_351' title='bbox 863 4145 1018 4225; x_wconf 80' lang='grc' dir='ltr'>ἄνθρωπος</span> <span class='ocrx_word' id='word_1_352' title='bbox 1038 4149 1129 4235; x_wconf 78' lang='grc' dir='ltr'>ταύτῃ</span> <span class='ocrx_word' id='word_1_353' title='bbox 1151 4151 1236 4233; x_wconf 86' lang='grc' dir='ltr'>ἐσχε·</span> <span class='ocrx_word' id='word_1_354' title='bbox 1260 4154 1316 4234; x_wconf 70' lang='grc' dir='ltr'><strong>τὴν</strong></span> <span class='ocrx_word' id='word_1_355' title='bbox 1338 4159 1372 4219; x_wconf 73' lang='grc' dir='ltr'><strong>δὲ</strong></span> 
     </span>
     <span class='ocr_line' id='line_1_39' title="bbox 266 4241 1373 4331; baseline 0.002 -20"><span class='ocrx_word' id='word_1_356' title='bbox 266 4246 422 4326; x_wconf 71' lang='grc' dir='ltr'>πολιτικὴν</span> <span class='ocrx_word' id='word_1_357' title='bbox 437 4246 490 4310; x_wconf 76' lang='grc' dir='ltr'><strong>οὐκ</strong></span> <span class='ocrx_word' id='word_1_358' title='bbox 505 4245 599 4328; x_wconf 79' lang='grc' dir='ltr'>εἶχεν.</span> <span class='ocrx_word' id='word_1_359' title='bbox 638 4241 704 4308; x_wconf 86' lang='grc' dir='ltr'><strong>Ἦν</strong></span> <span class='ocrx_word' id='word_1_360' title='bbox 718 4247 776 4325; x_wconf 81' lang='grc' dir='ltr'>γᾶρ</span> <span class='ocrx_word' id='word_1_361' title='bbox 791 4247 872 4324; x_wconf 74' lang='grc' dir='ltr'>παρὰ</span> <span class='ocrx_word' id='word_1_362' title='bbox 885 4249 927 4328; x_wconf 76' lang='grc' dir='ltr'><strong>τῷ</strong></span> <span class='ocrx_word' id='word_1_363' title='bbox 945 4248 1006 4309; x_wconf 83' lang='grc' dir='ltr'>Διί.</span> <span class='ocrx_word' id='word_1_364' title='bbox 1036 4251 1077 4331; x_wconf 74' lang='grc' dir='ltr'><strong>τῷ</strong></span> <span class='ocrx_word' id='word_1_365' title='bbox 1100 4251 1133 4312; x_wconf 75' lang='grc' dir='ltr'><strong>δὲ</strong></span> <span class='ocrx_word' id='word_1_366' title='bbox 1151 4254 1310 4331; x_wconf 75' lang='grc' dir='ltr'>Προμηθεῖ</span> <span class='ocrx_word' id='word_1_367' title='bbox 1330 4259 1373 4323; x_wconf 70' lang='grc' dir='ltr'><strong>εἰς</strong></span> 
     </span>
    </p>
   </div>
   <div class='ocr_carea' id='block_1_4' title="bbox 496 4467 1136 4533">
    <p class='ocr_par' dir='ltr' id='par_1_5' title="bbox 496 4467 1136 4533">
     <span class='ocr_line' id='line_1_40' title="bbox 496 4467 1136 4533; baseline 0.002 -15"><span class='ocrx_word' id='word_1_368' title='bbox 496 4467 841 4533; x_wconf 74' lang='lat' dir='ltr'><strong>ts,19.p.153.cd.Ktthn.</strong></span> <span class='ocrx_word' id='word_1_369' title='bbox 1039 4480 1056 4508; x_wconf 83' lang='lat' dir='ltr'><strong>u</strong></span> <span class='ocrx_word' id='word_1_370' title='bbox 1066 4486 1087 4518; x_wconf 90' lang='lat' dir='ltr'><strong>c.</strong></span> <span class='ocrx_word' id='word_1_371' title='bbox 1101 4471 1136 4519; x_wconf 79' lang='grc' dir='ltr'><strong>ιθ.</strong></span> 
     </span>
    </p>
   </div>
   <div class='ocr_carea' id='block_1_5' title="bbox 0 0 1494 5062">
    <p class='ocr_par' dir='ltr' id='par_1_6' title="bbox 0 0 1494 5062">
     <span class='ocr_line' id='line_1_41' title="bbox 0 0 1494 5062; baseline 0 1"><span class='ocrx_word' id='word_1_372' title='bbox 0 0 1494 5062; x_wconf 95' lang='lat' dir='ltr'><strong> </strong></span> 
     </span>
    </p>
   </div>
  </div>
 </body>
</html>
