2978 5062
250 320 272 381 4
652 317 923 381 PRAEFAT10.

304 515 335 562 2.
358 486 428 573 Fr,
445 486 690 560 Florentienus
715 433 943 561 bibliothecae
967 486 1213 558 Laurentianae
1235 487 1347 580 plutei

254 630 308 696 31,
327 610 357 674 8.
383 603 588 676 chartaceus
612 603 791 690 seculi14
836 604 965 675 Insunt
990 602 1233 684 Prometheus,
1261 602 1348 696 Sep-

253 727 339 801 tem,
377 718 502 803 Persae,
536 719 794 812 Agamemnon,
829 718 1057 788 Eumenides.
1108 716 1226 810 Hujus
1267 717 1347 789 libri

253 831 464 905 lectionibus
488 857 510 905 a
539 833 597 903 Fr.
625 835 669 904 de
699 833 806 905 Furia
826 834 981 924 acceptis
1006 833 1043 902 in
1064 830 1346 925 Agamemnone,

252 970 360 1039 quam
383 949 538 1021 fabulam
564 949 676 1020 codex
701 950 811 1020 habet
830 951 1013 1042 integram,
1039 970 1123 1019 usus
1150 957 1204 1017 est
1226 947 1347 1017 Blom-

252 1064 379 1137 fieldus
408 1073 446 1135 et
479 1072 562 1136 ante
595 1063 846 1134 Blomfieldum
874 1062 914 1135 P.
932 1064 1124 1136 Victorius.
1167 1063 1347 1133 Lectionis

253 1180 494 1250 diversitatem
518 1177 565 1247 ad
589 1185 706 1268 partes
731 1176 1010 1271 Agamemnonis
1034 1179 1071 1246 in
1097 1176 1152 1245 M.
1173 1178 1347 1247 desidera·

252 1301 307 1363 tas
325 1293 382 1363 Fr.
400 1293 445 1362 de
462 1290 569 1363 Furia
585 1290 701 1360 denuo
718 1291 900 1383 proposuit
915 1291 953 1359 in
969 1290 1163 1382 appendice
1180 1292 1345 1361 editionis

253 1404 495 1499 Weigelinnae.
537 1404 599 1474 Ad
616 1406 764 1476 eandem
782 1404 937 1476 fabulam
955 1403 1186 1474 Blomfieldus

302 1522 364 1614 (3.)
381 1521 503 1591 codiee
520 1519 665 1590 Veneto
682 1525 756 1588 616.
773 1519 958 1590 chartaceo
976 1517 1085 1589 seculi
1106 1544 1157 1609 13.
1182 1541 1267 1588 usus
1289 1532 1344 1590 est

250 1636 296 1708 ab
320 1635 455 1706 Jacobo
485 1631 639 1704 Morello
665 1632 814 1704 collato:
841 1655 947 1724 quem
973 1632 1062 1726 sigla
1096 1630 1177 1703 Ven.
1200 1633 1343 1703 indicet.

252 1749 375 1820 Habet
407 1756 621 1841 postremum
649 1746 928 1842 Agamemnonis
956 1756 1104 1839 partem,
1134 1754 1231 1817 caret
1260 1768 1344 1816 vero

250 1865 408 1936 versibus
423 1870 614 1951 46-1121.

300 2007 332 2068 4.
360 1975 476 2072 Gscels.
507 1974 814 2068 Guelferbytanus,
840 1975 1044 2047 chartaceus
1071 1976 1181 2047 seculi
1210 1998 1259 2067 15.
1285 2001 1344 2047 eo·

249 2094 321 2164 dex
338 2091 632 2172 mendosissimus,
650 2090 797 2160 editioni
813 2088 955 2160 Aldinae
972 2090 1179 2163 simillimus.
1215 2091 1343 2162 Insunt

249 2205 377 2277 fobulae
393 2213 540 2299 septem,
557 2202 690 2275 lacunar
707 2205 839 2275 eedem
856 2227 932 2296 qnae
948 2207 986 2275 in
1004 2204 1060 2276 M.
1091 2204 1173 2275 Hoc
1189 2206 1242 2276 usi
1261 2216 1344 2277 sunt

248 2317 428 2392 Askevius
452 2329 491 2390 et
516 2318 736 2402 Schuetnius,
754 2319 791 2389 in
814 2318 1030 2412 Choephoris
1055 2322 1172 2391 denuo
1188 2321 1343 2412 inspexit

248 2432 485 2518 Klnusenius3
509 2435 547 2504 in
574 2433 798 2527 Supplicibus
827 2432 1034 2517 Ahrensius,
1063 2435 1124 2525 qui
1150 2435 1342 2505 editionem

249 2546 419 2621 Aldinam
441 2551 480 2617 in
496 2555 664 2637 quattuor
686 2550 872 2638 postremis
895 2548 1074 2641 tragoediis
1102 2571 1149 2617 ex
1174 2547 1242 2618 hoc
1266 2549 1342 2640 ipso

249 2664 371 2734 codice
395 2682 596 2754 expressam
626 2682 702 2731 esse
728 2661 879 2752 conjecit
905 2661 943 2731 in
972 2661 1270 2732 commentatione
1297 2662 1342 2732 de

248 2778 378 2848 caussis
394 2774 552 2868 AEschyli
576 2776 734 2845 nondum
760 2776 844 2844 satis
860 2777 1049 2858 emendati,
1066 2798 1143 2867 quae
1161 2775 1342 2868 Gottingae

247 2891 378 2985 prodiit
394 2912 427 2960 s.
444 2895 537 2980 1832.

297 3028 329 3097 5.
348 3003 391 3076 L.
404 3001 575 3075 sivePor.
588 3001 812 3072 bibliothecae
828 3005 932 3096 regiae
946 3003 1115 3075 Parisinae
1134 3010 1229 3075 2886.
1244 3004 1342 3074 char-

248 3131 369 3193 taceus
395 3116 571 3210 (Catalogi
597 3115 666 3187 vol.
691 3140 720 3186 2.
751 3139 785 3208 p.
810 3121 912 3209 556.),
937 3142 1044 3191 manu
1073 3118 1156 3189 Jani
1184 3119 1342 3190 Lascaris

248 3236 408 3328 scriptus.
459 3233 587 3303 Insunt
612 3231 855 3315 Prometheus,
880 3231 1037 3326 Septem,
1060 3231 1184 3316 Persae,
1212 3234 1342 3304 Eume-

248 3350 358 3433 nides,
376 3347 570 3442 Supplices.
622 3346 782 3419 Collatus
808 3347 893 3418 olim
918 3349 955 3418 in
980 3371 1084 3419 usum
1100 3347 1260 3432 Askevii,
1281 3351 1342 3420 de-

248 3487 319 3534 nuo
337 3464 515 3556 inspectus
531 3486 552 3533 a
569 3461 715 3546 Faehsio,
732 3463 793 3553 qui
815 3463 853 3533 in
875 3486 1022 3533 numero
1039 3463 1169 3534 codicis
1186 3465 1340 3534 notando

249 3579 378 3649 erravit
403 3580 440 3648 in
466 3577 611 3672 Sylloge
635 3578 829 3648 lectionum
854 3599 888 3669 p.
906 3578 980 3649 xix.
1006 3578 1185 3647 codicibus
1202 3584 1286 3667 2782
1304 3589 1341 3650 et

250 3698 345 3767 2886.
378 3693 542 3764 confusis.
594 3692 713 3785 Hujus
746 3692 875 3763 codicis
916 3690 1095 3774 lectiones,
1131 3692 1341 3784 plerumque

248 3831 331 3878 cum
350 3807 404 3877 Μ.
422 3808 692 3888 consentientes,
713 3807 750 3877 in
777 3804 1032 3876 Eumenidibus
1050 3814 1087 3875 et
1105 3803 1342 3898 Supplicibus,

248 3923 347 3994 nullo
376 3923 446 3993 alio
476 3923 513 3992 in
538 3920 627 3991 libro
657 3920 815 3992 Parisino
843 3921 1000 4013 repertis,
1027 3922 1173 4013 apposui
1201 3929 1341 3992 tantum

249 4061 321 4108 non
345 4059 477 4120 omnes,
502 4036 590 4131 siglo
605 4033 694 4106 Par.
720 4036 937 4129 designatas:
963 4036 1001 4105 in
1025 4038 1138 4107 tribus
1163 4059 1247 4106 vero
1271 4036 1341 4127 pri·

248 4154 316 4222 mis
340 4150 468 4222 fabulis
492 4153 521 4221 si
542 4152 682 4242 qnando
698 4149 774 4241 ejus
798 4152 932 4222 mentio
958 4151 1026 4221 fuit
1051 4151 1221 4235 facienda,
1239 4150 1341 4220 litera

250 4268 292 4338 L.
310 4267 441 4338 notavi.

298 4390 329 4452 6.
360 4379 401 4453 Τ.
428 4380 512 4452 olim
539 4379 780 4463 Famesianus,
804 4379 911 4449 hodie
939 4378 1197 4471 Neapolitanus
1224 4379 1340 4471 regius
