2978 5062
254 342 297 404 ra
664 334 938 400 r‘amsnrm.
1068 416 1072 423 ‚

303 507 501 598 Aliquanto
534 505 668 597 majora
704 505 743 573 in
775 501 982 595 AEschylum
1015 501 1143 571 merita
1176 499 1356 572 Francisci

256 620 454 693 Robortclli
488 619 675 712 praedieare
709 617 803 702 licet,
833 618 894 709 qui
925 616 1089 687 Venetiis
1123 615 1249 686 eodem
1283 639 1356 707 quo

253 736 438 806 Turnebus
469 733 611 807 Parisiis
640 743 809 825 tempore,
841 732 877 801 id
911 740 966 801 est
1000 754 1092 800 anno
1119 751 1212 821 1552.
1243 731 1356 802 ferme

254 852 374 922 medio
404 849 501 937 (nam
531 848 682 941 epistola
706 848 922 918 dedicatoria
949 845 1114 916 Calendis
1145 846 1355 929 Februariis,

253 966 412 1059 praefatio
442 964 608 1035 Calendis
639 962 783 1033 Martiis
813 963 943 1054 scripta
975 964 1045 1054 est)
1075 971 1212 1053 septem
1242 962 1356 1032 edidit

254 1081 453 1175 tragoedias,
484 1079 653 1170 separatis
683 1078 963 1170 Agamemnonis
997 1086 1034 1146 et
1064 1076 1355 1168 Choephororum

254 1196 414 1289 partibus
431 1195 524 1286 apud
542 1192 680 1262 Aldum
698 1201 735 1263 et
752 1192 956 1263 Turnebum
974 1191 1137 1262 confusis.
1164 1191 1355 1263 Codicibus

255 1311 301 1381 ad
322 1310 559 1381 emendandas
580 1317 652 1382 tres
677 1310 807 1401 primas
832 1309 968 1380 fabulas
993 1308 1161 1400 pluribus,
1182 1307 1228 1377 ad
1253 1315 1356 1398 quat-

256 1436 339 1495 tuor
367 1434 563 1517 postremas
588 1448 659 1493 uno
684 1425 908 1517 potissimum
931 1447 1014 1494 usus
1039 1431 1094 1492 est
1118 1422 1164 1493 ab
1190 1421 1355 1493 Mariano

257 1538 399 1610 Savello
426 1538 573 1609 Patavio
598 1540 643 1609 ad
668 1561 706 1609 se
732 1540 944 1621 transmisso,
965 1561 1072 1630 quem
1097 1535 1249 1607 similem
1272 1536 1356 1608 Me-

256 1655 356 1724 diceo
374 1655 482 1724 fuisse
499 1663 656 1746 apparet,
673 1676 826 1745 quocum
843 1653 985 1723 lacunas
1003 1675 1143 1744 quoque
1160 1651 1356 1745 Agamem·

256 1771 358 1840 nonis
374 1791 580 1840 communes
597 1767 732 1849 habuit,
750 1790 836 1857 quas
854 1767 1103 1837 animadvertit
1120 1768 1274 1858 quidem,
1292 1768 1355 1836 sed

257 1885 401 1978 explere
426 1908 497 1954 non
522 1884 639 1975 potuit
658 1882 895 1952 Robortellus.
947 1882 1051 1951 Idem
1076 1881 1178 1973 plura
1202 1904 1248 1950 ex
1272 1904 1355 1951 con·

249 2001 399 2092 jecturis
429 2000 632 2068 emendavit
661 1999 790 2089 partim
819 1997 890 2067 suis
919 1998 1048 2088 partim
1075 1995 1264 2066 Michaelis
1290 1995 1358 2066 So-

255 2112 404 2205 phiani⁰‚
433 2133 581 2201 quarum
611 2109 655 2178 de
684 2116 852 2199 quattuor
877 2111 1063 2201 postremis
1092 2108 1220 2181 fabulis
1245 2111 1353 2181 index

256 2225 451 2317 praefationi
476 2233 533 2295 est
557 2226 719 2306 insertus,
743 2224 905 2294 indicatis
931 2223 1010 2294 libri
1035 2223 1226 2295 Savelliani
1248 2225 1353 2296 vitiis.

254 2337 358 2411 Alias
375 2342 420 2411 ab
440 2340 621 2411 Ludovico
640 2340 874 2410 castelvetrio
893 2338 1093 2410 Mutinensi
1116 2362 1153 2409 se
1178 2342 1355 2432 accepisse

256 2453 294 2523 in
312 2454 462 2547 epistola
478 2455 524 2524 ad
541 2454 723 2525 Savellum
741 2462 868 2524 narrat.

307 2568 475 2638 Proxima
493 2568 639 2639 Henrici
667 2568 839 2661 Stephani
866 2569 975 2637 editio
999 2577 1063 2651 est,
1082 2577 1228 2639 curante
1246 2569 1354 2638 Petro

257 2682 419 2754 Victoris
437 2683 531 2752 facta
547 2706 577 2752 a.
594 2702 687 2772 1557.
705 2705 811 2773 quem
829 2683 941 2753 tribus
957 2704 1061 2753 usum
1078 2706 1154 2754 esse
1175 2684 1355 2781 codicibus

257 2804 406 2880 constat,
433 2795 600 2866 Mediceo
629 2797 742 2890 plutei
771 2822 824 2888 32,
853 2824 883 2888 9.
912 2820 1018 2890 quem
1046 2800 1184 2891 magnis
1210 2800 1353 2890 quidem

256 2908 420 2980 laudibus
445 2910 598 2993 extollit,
624 2912 686 2982 sed
711 2912 839 2982 leviter
862 2920 1003 2982 tantum
1029 2911 1195 3004 inspexit,
1217 2923 1255 2983 et
1273 2913 1356 2983 Flo-

256 3027 395 3094 rentino
418 3051 473 3116 31,
491 3031 521 3094 8.
542 3026 823 3117 Famesianoque
849 3026 919 3120 (Τ.)
945 3049 991 3096 ex
1016 3028 1144 3117 quibus
1160 3028 1355 3120 Agamem-

257 3141 358 3210 nonis
388 3149 505 3232 partes
534 3142 572 3209 in
601 3142 774 3233 prioribus
804 3142 1017 3212 editionibus
1047 3143 1191 3212 omissas
1220 3143 1354 3234 primus

257 3255 379 3326 edidit.
431 3255 516 3325 Tres
541 3263 662 3325 autem
683 3256 813 3349 primas
835 3256 959 3349 tragici
981 3256 1154 3326 editiones
1172 3256 1355 3328 Victorius

257 3393 329 3441 snae
359 3372 410 3440 ita
434 3370 596 3441 adhibuit
618 3379 660 3439 ut
686 3370 820 3441 Aldina
840 3372 901 3440 vix
926 3394 1075 3463 usquam
1097 3372 1257 3463 inspecta
1279 3371 1356 3464 ple-

259 3508 408 3576 rumque
424 3485 637 3568 Turnehnm,
656 3487 766 3556 rarius
783 3486 1031 3556 Robortellum
1049 3497 1263 3578 sequeretur.
1307 3487 1352 3557 In

258 3598 329 3668 fine
347 3598 533 3670 voluminis
559 3599 707 3670 Henrici
734 3601 905 3692 Stephani
931 3601 1077 3692 adjecta
1102 3611 1185 3671 sunt
1209 3610 1357 3672 annota-

259 3716 375 3783 tiones
405 3714 597 3782 maximam
627 3723 764 3805 partem
793 3716 934 3798 critica,
964 3719 1000 3784 in
1029 3717 1156 3808 quibus
1187 3743 1264 3810 quae
1293 3744 1356 3790 ex·

258 3830 382 3921 posite
407 3833 490 3896 sunt
516 3827 618 3896 variae
643 3826 814 3898 lectiones
839 3828 998 3921 plurima
1024 3831 1113 3924 sigla
1136 3862 1185 3926 γρ.
1211 3843 1355 3920 notatae,

259 3942 443 4035 plerasque
467 3964 589 4012 omnes
614 3943 768 4035 priorum
792 3944 987 4014 editionum
1006 3946 1093 4016 vitia
1112 3948 1252 4029 referre,
1271 3973 1358 4041 pau-

261 4059 416 4128 cissimas
433 4081 479 4127 ex
496 4058 676 4128 codicibus
693 4059 817 4128 ductas
837 4080 913 4129 esse
936 4062 1162 4131 manifestum
1187 4072 1251 4145 est,
1269 4088 1356 4155 quos

262 4196 331 4242 non
350 4170 533 4265 pauciores
557 4172 760 4267 quindecim,
778 4174 912 4266 partim
944 4171 1103 4255 Venetiia
1122 4178 1254 4269 partim
1273 4177 1358 4249 Fb

303 4338 317 4369 ⁰
339 4328 385 4385 De
413 4326 561 4404 Sophiano
583 4326 905 4406 Constantinopolitano
928 4347 956 4386 v.
979 4328 1102 4387 Martini
1125 4328 1221 4387 Crusii
1245 4330 1357 4390 'l'urco-

262 4426 373 4484 Graecia
387 4445 417 4502 p.
434 4441 502 4480 200.
