2978 5062
486 361 555 423 AD
578 357 937 423 PROMETHEUM.
1199 357 1263 425 109

210 540 281 619 848.
297 538 425 622 τίθησιν]
441 526 565 604 τίθίισιν
581 540 632 602 Μ.

209 643 281 726 849.
299 644 422 722 ἐπαφῶν
438 641 565 721 ἀταρβεῖ
577 642 655 723 χειρὶ
670 643 717 704 καὶ
732 642 824 722 θιγὼν
836 639 921 723 (libri
934 641 1040 721 θίγων]
1055 638 1164 724 μόνον]
1178 641 1261 702 Cum

165 743 260 807 verba
276 745 401 822 ἐπαφῶν
416 743 464 804 καὶ
478 743 569 822 θιγὼν
583 743 678 821 μόνον
693 765 754 803 non
770 742 808 804 ad
826 742 970 822 ἔμφρονα,
987 740 1040 803 sed
1058 740 1098 803 ad
1115 743 1263 822 ἐγκύμονα

165 844 214 908 vel
238 842 299 907 tale
320 842 397 928 quid
421 842 607 929 pertineant,
628 844 792 907 verisimile
814 858 937 907 estant
959 842 1098 907 nonnihil
1121 857 1191 929 post
1214 843 1265 922 ἔμ

166 956 266 1030 φρονα
285 944 487 1021 intercidisse,
503 958 559 1007 aut
577 945 672 1008 verba
692 946 838 1027 Ἐπαφῶν
857 947 984 1026 ἀταρβεῖ
1003 945 1080 1028 χειρὶ
1102 944 1151 1006 καὶ
1172 944 1264 1023 θιγὼν

165 1052 259 1128 μόνον
272 1046 314 1110 ab
328 1046 452 1110 erudito
465 1045 592 1109 librario
614 1045 645 1109 in
668 1047 806 1133 margine
827 1046 978 1133 apposita,
994 1046 1121 1109 demum
1144 1044 1175 1107 in
1198 1058 1264 1106 tex·

167 1160 234 1208 tum
264 1144 429 1231 irrepsisse.
475 1146 555 1222 Quae
583 1145 710 1230 quidem
741 1145 893 1209 sententia
919 1145 1048 1208 fortasse
1078 1143 1178 1207 verior
1206 1159 1262 1206 est.

166 1249 241 1311 Non
257 1246 337 1310 enim
354 1246 558 1310 necessarium
574 1261 640 1311 erat
657 1262 691 1310 ut
704 1247 922 1323 Prometheus,
939 1247 1030 1332 cujus
1044 1268 1145 1309 sermo
1159 1243 1266 1331 paullo

167 1348 469 1430 αἰνιγματωδέοτερος
483 1364 539 1426 est,
557 1371 620 1411 rem
637 1349 864 1433 spectatoribus
883 1349 956 1412 satis
976 1364 1079 1411 notam
1104 1347 1266 1433 perspicue

169 1452 240 1516 loni
269 1451 415 1538 aperiret.
453 1453 569 1514 ELM.
629 1454 728 1516 Recte
758 1452 927 1516 Elmsleius
956 1451 1041 1514 hunc
1071 1473 1194 1514 versum
1224 1449 1266 1513 ab

168 1552 323 1640 AEschylo
338 1552 487 1639 scriptum
503 1575 569 1615 esse
584 1572 686 1639 negat.

212 1657 285 1740 850.
301 1655 508 1742 γεννημάτων]
526 1655 598 1717 Non
619 1669 749 1741 apparet
769 1655 927 1741 quomodo
942 1655 965 1718 J
967 1654 1034 1717 ovis
1049 1677 1121 1718 cum
1139 1655 1177 1717 Io
1191 1676 1264 1717 con·

168 1756 303 1820 suetudo
317 1756 488 1838 γεννήματα
502 1756 563 1819 dici
578 1756 685 1842 possit.
730 1757 895 1821 Verissima
910 1771 956 1820 est
970 1780 1063 1842 quam
1083 1756 1220 1842 Scaliger
1234 1756 1265 1819 iu

168 1859 308 1945 margine
329 1857 400 1921 libri
424 1857 470 1920 sui
494 1856 675 1921 memoravit
697 1858 873 1922 emendatio
896 1858 1064 1945 Peyraredi
1087 1859 1266 1940 θιγημάτων,

169 1974 264 2046 atque
279 1961 311 2023 id
325 1959 427 2046 ipsum
444 1959 573 2023 fortasse
594 1957 711 2044 legerat
732 1959 935 2044 interpolator
955 1960 1055 2046 quiin
1072 1960 1268 2047 precedente

169 2085 259 2126 versu
282 2062 373 2142 θιγὼν
393 2061 488 2140 μόνον
510 2059 623 2146 posuit.
669 2060 820 2146 Hesychii
843 2061 976 2147 glossam
1001 2061 1169 2143 θιγμάτωνε
1200 2086 1268 2141 μια-

170 2162 292 2243 σμάτων
318 2161 359 2224 ad
388 2161 473 2224 hunc
502 2161 604 2224 locum
634 2161 837 2246 probabiliter
867 2162 987 2226 rettulit
1015 2162 1197 2225 Valckenar.
1227 2161 1267 2225 ad

170 2267 283 2353 Eurip.
297 2266 409 2330 Phoen.
424 2288 456 2352 p.
471 2285 545 2349 243.
561 2264 705 2329 restituto
721 2266 899 2345 θιγημάτων.
923 2268 1071 2329 Ceterum
1086 2266 1126 2330 de
1141 2264 1269 2351 Epaphi

169 2383 263 2455 partu
278 2366 456 2431 conferatur
472 2366 584 2452 Suppl.
602 2367 651 2428 18.
666 2368 805 2449 45-48.

214 2473 286 2553 853.
309 2466 572 2551 πεντηκοντάπαις]
595 2469 844 2546 πεντηκοντάπαις
859 2467 941 2530 Rob.
961 2466 1055 2530 male:
1080 2488 1151 2529 nam
1168 2465 1270 2530 Attici

170 2590 370 2633 numerorum
401 2567 633 2632 terminationes
662 2568 693 2631 in
723 2568 901 2655 compositis
924 2583 1059 2644 servant,
1085 2567 1124 2631 de
1150 2590 1214 2654 qua
1236 2588 1270 2632 re

170 2671 298 2759 insignis
320 2683 366 2734 est
388 2670 474 2733 locus
497 2693 534 2733 ex
560 2669 743 2733 Herodiano
766 2672 833 2752 περὶ
854 2677 957 2735 παθῶν
978 2669 1009 2733 in
1034 2672 1144 2758 Etym.
1162 2671 1214 2733 M.
1235 2692 1267 2755 p.

170 2777 314 2858 346,14.
343 2773 515 2836 BLOMF.
561 2771 661 2834 Aliud
688 2773 939 2853 πεντηκοντάπαις
961 2796 984 2836 s.
1007 2773 1268 2852 πενιηκοντόπαις,

170 2872 255 2937 alind
278 2874 538 2951 πεντηκοντάπαις.
572 2872 684 2958 Suppl.
709 2896 740 2935 v.
762 2888 837 2957 325.
861 2873 981 2939 Δαναὸς
1003 2870 1026 2936 δ’
1050 2873 1183 2953 ἀδελφάς
1204 2871 1270 2933 ἔστι

170 2977 431 3054 πεντηκοντάπαις.
478 2973 565 3037 Illud
586 2996 626 3037 ον
647 2977 882 3062 qninquaginta
903 2976 1011 3038 liberis
1033 2982 1190 3049 constans,
1210 2969 1269 3035 hoc

170 3078 406 3165 quinquaginta
426 3076 538 3138 liberos
555 3076 679 3140 Ιιαάεπο.
726 3075 814 3139 Male
828 3076 926 3162 igitur
941 3074 1129 3139 Eustathius
1143 3073 1183 3139 ad
1200 3074 1270 3136 Ho-

171 3202 247 3243 mer.
262 3201 292 3265 p.
308 3197 362 3263 32,
376 3196 429 3262 33.
450 3178 597 3240 Danaum
621 3192 652 3240 et
672 3179 851 3265 AEgyptum
875 3178 1015 3263 quintam
1039 3173 1270 3261 generationem

172 3280 267 3344 fnisse
288 3280 342 3359 ait,
364 3279 465 3364 primo
487 3279 573 3365 quod
592 3279 633 3342 ab
656 3281 695 3342 Io
717 3279 822 3352 ducat,
846 3277 895 3341 ἀπ’
919 3279 1008 3341 αὐτοῦ
1031 3275 1095 3339 scil.
1120 3274 1270 3361 Epapho,

172 3381 309 3446 secundo
320 3382 405 3467 quod
420 3383 668 3461 πενιηκοντάπαις
683 3379 762 3443 male
777 3378 930 3464 intelligit.
956 3378 1123 3442 STANL.

217 3487 288 3570 857.
313 3487 405 3565 κίρκοι
426 3488 554 3546 πελειῶν
574 3483 609 3545 οὗ
629 3483 746 3562 μακρὰν
762 3479 968 3565 λελειμμένοι]
985 3479 1107 3542 Eadem
1126 3475 1269 3540 similitu·

168 3587 245 3651 dine
267 3586 306 3650 de
329 3584 480 3649 Danaisin
505 3582 605 3646 utitur
627 3597 732 3644 noster
755 3580 866 3667 Suppl.
885 3599 956 3648 222.
973 3582 1007 3645 ἓν
1027 3581 1108 3665 άγνῷ
1127 3578 1162 3655 δ’,
1180 3577 1271 3658 ἐσμὸς

172 3689 211 3757 ὣς
238 3688 414 3762 πελειάδων,
439 3684 567 3760 ‘trevae
594 3684 699 3763 κίρκων
728 3688 786 3745 τῶν
812 3682 983 3765 ὁμοπτέρων
1009 3686 1109 3766 φόβῳ,
1133 3679 1270 3763 Ἐχθρῶν

173 3793 306 3872 ὁμαίμων
322 3790 370 3853 καὶ
383 3788 561 3868 μιαινόντων
575 3785 674 3867 γένος.
698 3784 871 3849 BLOMF.

216 3898 345 3957 πελειῶν
364 3891 399 3954 οὗ
421 3893 537 3971 μακρὸν
558 3888 763 3972 λελειμμένοι]
789 3890 863 3952 Non
886 3887 993 3973 procul
1017 3887 1177 3963 distantes,
1193 3884 1225 3947 h.
1241 3906 1271 3946 e.

174 3993 335 4072 instantes,
351 3992 547 4057 imminentes
561 3990 722 4055 columbis.
746 3990 912 4053 STANL.

218 4093 290 4179 858.
307 4094 513 4177 θηρεύσαντες]
534 4091 740 4157 Scribendum
757 4092 929 4171 θηρεύοντες
943 4112 981 4153 ex
998 4090 1040 4152 N.

219 4196 291 4280 859.
315 4196 431 4276 φθάνον
453 4197 486 4259 δὲ
506 4192 651 4273 σωμάτων
672 4193 732 4272 ἔξει
754 4191 837 4276 θεάς]
856 4193 882 4254 l.
899 4215 927 4255 e.
942 4190 1021 4253 deus
1033 4211 1166 4275 corpora
1179 4189 1274 4277 virgi·

175 4318 250 4360 num
266 4296 419 4360 invidebit
432 4294 504 4358 filiis
518 4295 666 4381 AEgypti.

219 4398 293 4462 860.
309 4396 439 4483 δέξεται]
456 4395 610 4482 Virgines.

217 4502 290 4567 861.
307 4499 476 4587 δαμέντων]
493 4497 740 4586 Intelligendum
757 4500 877 4566 ἐκείνων
893 4496 1048 4586 (AEgypti
1062 4496 1226 4580 filiorum).
