2978 5062
300 348 369 410 AD
393 347 587 412 SEPTEM
610 349 862 414 ADVERSUS
885 351 1089 415 THEBAS.
1186 353 1255 418 157

149 536 225 601 971.
261 517 301 579 ln
317 515 528 580 Nicaeensium
548 539 678 581 nummo
692 518 829 604 quodam
852 516 1033 580 inscribitur
1047 522 1253 584 Aropnltrr

150 620 251 683 AIOC
267 618 353 704 apud
370 618 527 682 Harduin.
546 642 577 705 p.
593 621 669 702 346.
684 642 778 704 quem
795 617 875 681 vide.
901 619 1077 682 BLOMF.
1132 625 1136 633 '

195 738 267 806 273.
284 727 393 802 πηγαῖς
405 722 542 784 Α.Β.Μ.
560 720 676 806 aliique
690 736 722 784 et
738 722 842 784 Turn.
868 724 964 801 πηγῆς
978 720 1099 806 aliquot
1113 719 1205 785 codd.
1220 735 1254 785 et

151 823 229 886 Ald.
246 821 329 885 Rob.

193 926 254 989 οὐδ’
277 923 342 1009 ἀπ’]
368 923 478 987 Lectio
502 923 619 1009 inepta,
643 925 674 987 in
699 948 763 1010 qua
788 923 972 1011 explicanda
994 925 1112 987 frustra
1131 924 1253 991 laborat

151 1025 324 1090 scholiasta.
362 1023 592 1110 Corrigendum
608 1049 680 1090 cum
700 1028 738 1090 L.
751 1027 918 1090 Dindorlio
932 1029 1023 1091 ὕδασί
1034 1025 1068 1090 τ’.

197 1146 270 1212 274.
294 1130 326 1192 εὖ
350 1127 565 1211 ξυντυχόντων]
592 1128 805 1210 ξυντυγχάνειν
830 1127 1016 1213 plerumque
1047 1130 1086 1193 de
1113 1127 1253 1214 personis

152 1232 337 1296 adhibetur:
372 1229 526 1293 rarissime
554 1229 594 1292 de
623 1253 667 1304 rc,
694 1246 729 1292 ut
754 1229 785 1293 in
815 1228 959 1314 Sophocl.
991 1230 1082 1314 Ajac.
1109 1250 1183 1315 313.
1216 1230 1251 1294 τὸ

153 1333 301 1415 συντυχόν
316 1331 419 1398 πόθος.
437 1330 579 1394 Subaudi
595 1329 693 1414 igitur
708 1331 814 1403 αὐτῶν,
831 1330 893 1393 scil.
909 1336 994 1395 θεῶν.
1018 1333 1192 1395 BLOMF.

197 1435 377 1517 274—278.
401 1435 433 1497 εὖ
457 1433 662 1514 ξυντυχόντων
688 1434 736 1496 καὶ
757 1433 874 1499 πόλεως
897 1433 1100 1513 σεσωσμένης,
1121 1432 1126 1519 Ι
1144 1434 1253 1514 μήλοι-

154 1563 205 1599 σιν
218 1536 421 1616 αἱμάσσοντας
435 1537 536 1601 ἑστίας
551 1539 637 1607 trev,
658 1533 663 1620 Ι
682 1540 948 1615 ταυροκτονοῦντας
962 1540 1086 1612 θεοῖσιν,
1102 1534 1149 1599 ὧδ’
1167 1538 1254 1600 ἔπεό·

153 1664 244 1720 χομαι
263 1637 267 1722 Ι
288 1637 391 1715 θήσειν
419 1642 557 1716 τροπαῖα,
584 1637 737 1712 πολεμίων
767 1633 790 1696 δ’
817 1634 978 1713 ἐσθήματα,
1000 1633 1004 1721 Ι
1023 1634 1146 1716 λάφυρα
1173 1634 1263 1719 δᾴων·

154 1737 344 1821 δουρίπληχθ’
361 1743 465 1819 ἁγνοῖς
480 1735 603 1821 δόμοις]
629 1737 735 1798 Locus
756 1735 945 1819 ineptissime
967 1737 1184 1823 interpolatus,
1200 1761 1254 1804 cu-

149 1841 205 1926 jus
219 1863 321 1903 veram
338 1840 522 1926 scripturam
546 1861 586 1901 ne
607 1837 747 1901 divinare
761 1838 888 1923 quidem
904 1839 1019 1914 liceret,
1036 1839 1092 1902 nisi
1114 1841 1254 1927 antiquae

156 1940 293 2005 lectionis
317 1940 482 2026 vestigium
509 1954 681 2002 servassent
708 1956 770 2001 tres
793 1939 914 2003 codices
939 1942 1088 2020 A.B.M.,
1117 1964 1254 2026 quorum

156 2044 245 2107 B.M.
263 2057 334 2130 post
349 2046 450 2123 ἁγνοῖς
464 2043 565 2121 δόμοις
579 2063 703 2104 versum
726 2040 849 2104 addunt
871 2041 894 2104 si
910 2065 1006 2127 quem
1027 2044 1122 2106 alium
1144 2044 1255 2130 genui·

154 2167 232 2207 num
257 2144 363 2226 στέψω
389 2144 446 2225 πρὸ
473 2150 553 2207 ναῶν
577 2146 729 2223 πολεμίων
755 2145 919 2224 ἐσθήματα,
945 2147 990 2208 Α.
1014 2161 1119 2209 autem
1149 2145 1263 2231 priora'

155 2261 276 2310 tantum
293 2245 388 2309 verba
398 2245 524 2309 exhibet
541 2247 645 2328 στέψω
661 2247 718 2326 πρὸ
734 2253 823 2310 ναῶν.
852 2249 931 2323 Quae
946 2246 986 2310 ab
1001 2246 1164 2310 scholiasta
1176 2269 1255 2332 quo-

155 2374 218 2436 que
237 2349 318 2414 lecta
336 2373 401 2413 esse
425 2348 586 2413 annotatio
605 2349 751 2424 ostendit,
777 2349 929 2428 ἐσθήματα
952 2348 1093 2426 ἀναθήσω
1114 2348 1172 2429 πρὸ
1195 2355 1255 2412 τῶν

156 2459 245 2526 ναῶν,
260 2455 297 2515 τὰ
311 2453 444 2534 λάφυρα.
478 2454 533 2515 Ex
549 2451 597 2513 his
611 2451 809 2514 manifestum
826 2466 872 2513 est
887 2449 1041 2536 scripsisse
1056 2450 1245 2537 AEschylum

327 2556 360 2617 εὖ
377 2554 582 2636 ξυντυχόντων
597 2556 645 2617 καὶ
659 2556 776 2621 πόλεως
791 2554 992 2633 σεσωσμένης,

327 2656 449 2736 λάφυρα
463 2653 542 2738 δᾴων
556 2657 724 2738 δουρίπηχθ
739 2659 843 2737 ἁγνοῖς
857 2658 956 2735 δόμοις

328 2759 433 2840 στέψω
448 2758 505 2838 πρὸ
523 2764 611 2830 ναῶν,
627 2760 779 2838 πολεμίων
795 2757 956 2836 ἐσθήματα.

327 2859 434 2923 τοιοῦτ’
452 2862 579 2942 ἐπεύχου
593 2860 634 2938 μή
649 2859 838 2940 φιλοστόνως
853 2865 942 2926 θεοῖς.

157 2996 228 3059 quoe
249 2972 290 3034 ab
311 2973 532 3058 interpolatore
552 2997 624 3037 eum
644 2974 674 3035 in
699 2974 838 3051 modum,
856 2998 950 3060 quem
974 2974 1044 3039 libri
1066 2978 1184 3062 vulgati
1206 3001 1254 3040 se-

157 3089 310 3159 quuntur,
325 3091 397 3137 sunt
412 3074 549 3138 dilatata.
588 3077 735 3139 Ceterum
760 3076 908 3139 laudandi
924 3077 999 3140 mibi
1022 3094 1095 3142 suut
1110 3078 1165 3164 qui
1181 3102 1255 3166 par·

159 3192 218 3239 tem
242 3191 325 3240 certe
348 3177 410 3240 veri
433 3177 578 3241 viderunt
598 3178 805 3241 Blomlieldus
826 3195 857 3241 et
880 3179 1024 3254 Bothius,
1047 3204 1182 3264 quorum
1205 3179 1257 3243 ille

159 3281 208 3341 vel
227 3279 322 3341 deleri
341 3302 464 3342 versum
486 3280 585 3343 voluit
604 3281 746 3358 μήλοισιν
766 3280 968 3357 αἱμάσσοντας
991 3284 1092 3347 ἑστίας
1115 3287 1191 3345 θεῶν
1208 3281 1256 3344 vel

160 3398 280 3444 servato
292 3382 469 3467 proximum
494 3389 609 3446 θεοῖσιν
630 3383 660 3444 in
684 3387 777 3445 πᾶσιν
798 3381 924 3455 mutari,
940 3404 999 3466 pro
1014 3380 1117 3458 θήσειν
1131 3387 1264 3462 τροπαῖα

159 3487 309 3560 πολεμίων
325 3483 348 3545 δ’
363 3484 515 3564 ἐσθήματα
529 3499 633 3546 autem
650 3482 740 3546 scribi
754 3481 851 3546 voluit
864 3483 991 3564 στίψειν
1004 3482 1062 3562 πρὸ
1077 3490 1156 3546 ναῶν
1167 3491 1258 3546 πολε-

159 3582 233 3658 μίων
248 3581 417 3659 ἐσθήματαε
444 3582 577 3644 Bothius
594 3604 667 3644 vero
681 3581 762 3644 hauc
783 3580 879 3644 totius
901 3580 958 3646 loci
981 3582 1164 3668 scripturam
1181 3606 1256 3669 pro-

160 3682 274 3768 posuit,
299 3684 335 3745 εὖ
354 3680 559 3766 ξυντυχόντων
585 3685 632 3746 καὶ
657 3682 775 3750 πόλεως
796 3685 1000 3766 σεσωσμένης,
1020 3687 1027 3770 Ι
1044 3685 1186 3765 μήλοισιν
1211 3687 1259 3748 αἱ·

159 3784 333 3863 μόσσοντας
354 3788 454 3851 ἑστίας
480 3791 566 3862 θεῶν,
587 3789 592 3868 Ι
611 3788 877 3866 ταυροκτονοτῖντός
899 3787 937 3863 θ’,
958 3791 1038 3851 οἶσιν
1061 3789 1111 3852 ὧδ’
1135 3789 1260 3870 ἐπεύχο-

159 3910 222 3964 μαι,
243 3884 248 3970 Ι
267 3886 389 3967 λόφυρα
411 3886 490 3970 δᾴων
513 3889 703 3971 δουρίπληχθ’
725 3893 828 3970 ἁγνοῖς
850 3888 949 3968 δόμοις
968 3890 972 3976 Ι
992 3891 1097 3973 στέψω
1120 3891 1259 3970 προνόων

160 3989 310 4067 πολεμίων
325 3989 485 4068 ἐσθήματα.

170 4126 172 4133 ·
205 4105 276 4170 ²77·
300 4091 442 4176 τροπαῖα]
466 4089 592 4172 τρόπαια
614 4090 693 4154 libri.
732 4092 825 4169 Quod
849 4092 925 4155 nihil
948 4116 1065 4157 caussae
1081 4109 1128 4158 est
1148 4118 1205 4157 cur
1226 4094 1260 4158 in

161 4212 250 4253 versu
266 4215 373 4276 spurio
387 4209 536 4256 mutetur.

206 4300 373 4385 ἐσθήματα]
392 4289 541 4381 ἐσθήμαόῗ
557 4304 606 4365 M.

175 4426 179 4431 ·
206 4403 278 4482 278.
294 4399 389 4485 δᾴων]
407 4401 497 4465 δαΐων
512 4402 593 4465 libri.

195 4502 395 4585 »δουρίπληχθ’
422 4504 559 4568 A.B.M.
597 4508 795 4584 δουρίπληκτα
822 4510 860 4573 F.
899 4511 1072 4594 δορίπληχθ
1097 4515 1138 4577 L.
1177 4516 1264 4595 δορό·
