2978 5062
247 331 311 399 164
604 339 982 405 ANNOTATIONES

248 528 309 583 vna,
323 509 374 584 rtis
386 508 553 588 μιξοθρόου,
568 508 634 588 ἤτοι
650 512 701 588 τῆς
721 513 812 591 θροΰν
827 512 875 575 καῖ
887 511 967 589 βοὴν
979 510 1157 591 ποιουμάνης
1170 510 1342 590 άνάμικτον·

247 611 384 688 γυναῖκες
397 611 455 691 γάρ
471 611 518 675 καὶ
532 617 636 679 παῖδες
650 612 828 693 άκμάζοισες
843 613 891 677 sol
905 614 1043 693 άρτιγενῆ
1058 611 1160 694 βρέφη
1176 613 1224 676 sol
1238 612 1343 693 ἄνδρες

247 707 295 771 rol
315 707 456 789 γέροντες
477 713 631 777 ἐποιοῦντο
651 715 705 777 τὸν
719 717 829 794 θρῆνον
843 715 1014 792 σύμμικτον.
1039 711 1144 791 ληΐδος
1164 735 1221 798 per
1235 715 1343 797 olxjro-

245 809 358 877 λάτονς
379 810 513 896 explicat
528 812 717 900 Hesychius,
733 828 765 878 et
785 815 909 894 ληϊάδας
932 816 987 897 (ex
1009 815 1108 878 Hom.
1131 814 1172 878 11.
1185 818 1224 877 δ’.
1243 814 1341 898 193),

245 911 280 973 ἐκ
300 912 386 980 λείας
407 915 613 996 αδχμαλότους
627 915 866 997 σολλπφδείσας.
901 914 1074 1002 AEachylus
1091 914 1183 981 λαῖδα
1202 915 1342 1003 captivos

244 1009 335 1090 dixit,
350 1013 614 1099 quemadmodum
630 1017 649 1096 ἡ
663 1018 855 1099 αῖχμαλοσάα
869 1038 928 1104 pro
942 1020 971 1081 ol
984 1016 1170 1100 αἰχμάλωτοι
1182 1015 1306 1081 dicitur.

287 1131 361 1198 332.
383 1141 430 1181 τοι
449 1114 599 1181 omittunt
617 1117 709 1181 codd.
729 1117 870 1182 nonnulli
891 1132 923 1183 et
937 1118 1015 1183 Ald.
1031 1119 1114 1183 Rob.
1131 1120 1253 1184 Turn:
1277 1116 1341 1204 pri-

243 1236 367 1281 murex
382 1217 488 1282 codice
502 1239 560 1282 suo
572 1218 695 1283 addidit
710 1219 819 1308 Steph.

286 1338 363 1405 333.
380 1321 523 1404 κλαυτὸν]
540 1320 691 1386 κλουστδν
705 1320 789 1385 Rob.

286 1421 483 1505 ἀρτιτρόποις]
508 1421 593 1485 Mira
612 1421 653 1485 de
674 1421 733 1485 hoc
752 1423 906 1487 vocabulo
925 1438 997 1488 sunl
1015 1439 1190 1488 commenta
1207 1421 1338 1487 scholia·

242 1533 372 1599 starum,
387 1544 522 1608 quorum
537 1544 576 1587 ex
591 1520 844 1588 annotationibus
857 1522 1013 1610 pluribus,
1021 1547 1096 1612 quoe
1109 1524 1218 1589 eodem
1230 1545 1339 1589 omues

241 1621 385 1701 redeunt,
401 1645 495 1688 unam
510 1623 692 1711 apposuisse
711 1625 784 1690 satis
805 1625 967 1706 habemus,
983 1630 1011 1692 sl
1024 1629 1082 1709 pir
1096 1631 1145 1693 διδ
1157 1632 1210 1691 τοῦ
1223 1652 1241 1690 τ
1255 1628 1336 1709 δρτι-

241 1725 369 1805 τρόποις,
385 1731 449 1792 ταῖς
464 1726 571 1789 νεωστὶ
584 1728 757 1807 τραπεῖσαις
772 1727 831 1793 άπὸ
845 1732 897 1807 τῆς
910 1733 1043 1808 παιδικῆς
1062 1729 1179 1809 ἡλικίας
1197 1729 1246 1793 nol
1262 1728 1337 1808 ἡβη-

243 1822 363 1893 σάσαις·
386 1828 414 1890 εἰ
428 1828 460 1891 δὲ
474 1829 523 1893 διδ
536 1831 589 1891 τοΰ
604 1831 621 1891 δ
635 1829 828 1911 άρτιδράποις,
844 1837 909 1898 ταῖς
927 1831 993 1912 άρτι
1007 1829 1208 1913 δρεπομάναις.
1249 1827 1337 1893 Mira

239 1926 331 1990 etiam
346 1926 473 1992 Stauleii
484 1927 699 2015 interpretatio
713 1936 735 1969 ‘⁴
745 1931 865 1994 Νεοστδ
875 1929 1072 2010 ἠθοποιήτοις,
1085 1927 1224 2004 novellis,
1234 1949 1337 2014 nuper

239 2027 397 2103 formatis;
422 2028 471 2094 vel
485 2030 564 2094 bene
578 2044 610 2095 et
623 2029 737 2117 pudice
751 2031 879 2096 moratis
892 2029 1094 2116 virginibus?
1123 2031 1255 2093 Sensum
1268 2051 1336 2091 ver-

238 2131 350 2196 borum
375 2145 460 2194 recte
484 2130 653 2196 declaravit
677 2131 892 2210 Blomfieldus‚
917 2132 1049 2195 Flebilis
1074 2140 1179 2196 nutam
1200 2152 1251 2194 τοο
1276 2140 1334 2209 eat,

237 2234 421 2321 virginibus
443 2236 501 2298 υῖσ
519 2235 595 2298 dum
615 2236 761 2311 maturis,
776 2242 850 2298 nole
870 2234 1021 2299 saumata
1040 2233 1175 2299 mudum
1193 2234 1335 2320 virgini·

237 2337 433 2423 lutiafloram
447 2337 654 2423 decapentio,
668 2356 690 2398 ο
703 2335 845 2398 domibus
858 2334 999 2399 οάῖοιυπι
1012 2336 1074 2399 διον
1081 2336 1244 2422 ptoloma.
1269 2334 1333 2398 Sed

237 2435 413 2519 άρτίτροπον
426 2436 586 2522 quomodo
608 2437 667 2501 hoc
688 2435 864 2523 significatu
886 2434 947 2499 dici
969 2435 1131 2523 potuerint
1146 2458 1247 2524 quum
1269 2458 1333 2501 non

236 2536 416 2624 intelligam,
432 2539 619 2620 άρτιτρόφοις
632 2536 851 2623 corrigendum
868 2551 957 2624 puto,
973 2538 1059 2626 quod
1076 2538 1286 2607 Schneiderus
1300 2539 1333 2603 in

236 2637 356 2702 Lexico
370 2637 541 2726 proposuit.

247 2733 250 2738 ¹
278 2739 468 2823 ὀμοδράπιιν]
483 2739 663 2820 ὁμοτρόπων
676 2738 760 2803 Rob.

279 2844 352 2925 336.
375 2843 406 2904 τί
414 2841 439 2924 ς]
461 2841 489 2904 τὶ
503 2840 574 2905 ςάά.
591 2855 708 2905 veteres
722 2842 787 2906 sine
801 2841 1063 2928 interpunctione.
1102 2843 1233 2906 Sensum
1248 2857 1333 2908 recte

235 2942 386 3029 explicuit
400 2940 573 3020 scholiasta,
589 2942 616 3005 τδ
630 2944 688 3024 γάρ
703 2947 750 3009 δεῖ
761 2946 864 3007 πολλά
876 2942 1002 3024 λέγεινι

276 3044 351 3129 338.
368 3045 445 3107 Post
459 3045 517 3124 γάρ
531 3042 647 3107 excidit
659 3065 790 3108 comma.

277 3146 382 3214 πόλις
395 3147 454 3208 Ατ.
471 3159 503 3208 et
518 3144 601 3209 Rob.
622 3149 710 3214 πόλις
723 3144 792 3210 libri
807 3145 929 3228 reliqui.

278 3267 354 3334 339.
370 3247 386 3313 l
401 3247 431 3334 l]
449 3246 589 3333 lquater
604 3248 645 3311 E.
668 3246 702 3311 ol
714 3246 748 3311 ol
759 3246 858 3312 codex
875 3244 1089 3311 Taurineuais.

277 3352 554 3432 πολλά-δυστυχῆ
575 3349 621 3433 τε]
648 3347 809 3412 Usitatum
824 3362 872 3412 est
885 3350 988 3412 πολλά
1002 3349 1051 3412 καῖ
1060 3385 1105 3397 -
1118 3348 1168 3413 vel
1181 3351 1284 3416 πολλά
1297 3377 1331 3416 τε

236 3453 336 3517 καὶ-.
385 3449 483 3538 Apud
507 3449 691 3536 Sophoclem
714 3448 848 3513 Philoct.
862 3450 938 3534 584.
960 3447 1049 3513 πάλλ’
1065 3452 1125 3532 tyn
1146 3452 1253 3517 κεῖνον
1271 3455 1331 3517 lino

235 3558 313 3635 δρόν
334 3551 508 3634 άντιπάσχο
529 3550 647 3634 χρηστά
668 3549 708 3633 γ’,
730 3549 770 3614 ol’
792 3551 867 3633 ἀνὴρ
882 3551 984 3632 πένης,
1007 3551 1145 3617 Dobraeo
1165 3553 1282 3636 χρηστά
1303 3553 1332 3617 θ’

235 3651 432 3718 scribendum
453 3650 629 3730 videbatur,
654 3651 741 3738 quod
770 3675 843 3717 cum
870 3652 939 3718 loco
959 3653 1131 3741 AEsclryleo
1157 3657 1331 3743 comparari

233 3753 358 3842 poterit,
374 3752 399 3817 si
413 3766 496 3816 recte
509 3752 640 3838 conjecit
654 3752 821 3819 Dobrteua

277 3857 409 3939 πράσσει
435 3852 557 3920 codices
583 3853 724 3940 plerique
745 3875 853 3920 omnes
877 3869 910 3919 et
935 3855 1044 3943 steph.
1076 3856 1226 3937 πράσσειν
1251 3857 1330 3923 ΑΙά.

235 3957 320 4022 Rob.
336 3958 440 4021 Turn.
462 3955 574 4040 πάσχει
588 3954 833 4043 superscriptum
846 3954 880 4019 in
895 3959 933 4020 C.

276 4077 352 4143 341.
381 4061 419 4123 τά
447 4059 481 4123 δὲ
510 4058 558 4122 nol
586 4056 747 4144 πυρφορεῖ]
771 4059 815 4125 In
842 4059 940 4125 mou
966 4067 1090 4145 purten
1118 4060 1229 4144 ignem
1249 4062 1331 4145 sert.

235 4158 413 4225 BLOMF.
451 4160 500 4224 sol
512 4180 574 4223 om.
590 4160 640 4224 Μ.
655 4158 771 4246 aliique
784 4158 925 4227 nonnulli
939 4175 971 4225 et
985 4159 1071 4224 lloli.

277 4279 352 4347 342.
373 4259 491 4347 καπνῷ]
506 4263 540 4326 δὲ
554 4260 677 4326 addunt
691 4259 842 4326 editiones
854 4275 926 4326 ante
942 4261 1155 4327 Brunckium:
1179 4262 1330 4328 omittunt

235 4362 276 4431 Β.
288 4360 415 4449 aliique,
429 4376 468 4427 ut
481 4360 617 4441 videtur,
630 4361 760 4428 codices

276 4482 354 4553 343.
374 4462 401 4530 δ’
420 4462 556 4550 ἐπιπνεῖ]
576 4462 601 4528 δ’
625 4465 740 4530 ἐπιπνεῖ
762 4461 844 4530 ald.
865 4462 951 4528 non.
983 4461 1007 4527 δ’
1032 4465 1152 4530 ἐπιπνεῖ
1172 4465 1277 4531 Τιιτο.
1297 4481 1329 4531 et
