2978 5062
254 277 319 346 &6
613 282 992 349 ANNOTATIONES

255 447 368 511 Persas
389 445 549 526 institutis,
564 469 700 534 quorum
722 447 872 513 rationem
895 447 1042 513 describit
1057 448 1242 513 Herodotus
1256 449 1286 528 8,
1303 451 1354 534 98.

303 666 352 735 15.
368 650 414 736 τὸ]
430 657 470 715 τῶ
486 653 537 714 Μ.
574 650 636 729 Qui
653 652 784 716 fortasse
797 657 857 716 τῶν
870 650 981 716 voluit.

303 754 354 816 16.
371 751 405 816 τὸ
420 752 556 838 Σούσων]
571 752 605 816 τὸ
620 755 696 818 άστυ
710 755 835 818 Σούσων
849 754 934 818 Rob.

299 853 508 939 Ἐκβατάνων]
532 854 739 919 Soribendum
758 854 959 937 Ἀγβατάνων
979 875 1052 919 eum
1070 851 1232 917 Brunekio
1251 852 1302 918 hio
1323 869 1356 918 et

256 979 287 1020 v.
302 970 377 1041 535.
399 978 473 1042 quae
494 955 652 1042 antiquior
673 956 807 1021 nominis
827 956 929 1022 forma
949 971 1009 1036 est,
1029 956 1069 1021 de
1088 979 1152 1042 qua
1171 979 1201 1020 v.
1222 957 1259 1019 L.
1275 956 1355 1019 Din-

256 1057 376 1124 dorfius
390 1058 423 1122 in
439 1059 606 1123 Thesauro
621 1057 773 1144 Stephani
788 1058 851 1124 vol.
867 1080 898 1147 3.
913 1083 945 1147 p.
960 1077 1001 1145 37
1004 1078 1036 1145 5.
1061 1061 1144 1124 Eam
1159 1059 1230 1124 iibri
1245 1059 1356 1146 optimi

256 1175 419 1225 servarunt
434 1182 463 1224 v.
480 1161 552 1244 961.

302 1280 353 1346 17.
369 1261 432 1350 καὶ]
449 1265 493 1330 είς
507 1262 593 1326 Rob.

300 1363 464 1451 Κίσσινον]
486 1365 604 1428 Forma
617 1363 727 1428 vitiosa
741 1362 793 1429 hio
806 1376 839 1428 et
852 1387 882 1427 v.
901 1382 970 1430 120.
986 1386 1090 1429 errore
1110 1363 1197 1428 illata
1217 1363 1358 1428 libran'o-

255 1487 327 1531 mm
342 1465 384 1530 ad
398 1464 589 1552 adjeou'vum
605 1465 747 1539 είσσινος,
762 1464 849 1550 quod
869 1465 1075 1530 hederaoeum
1090 1465 1252 1551 signifieat,
1267 1464 1357 1528 aber·

255 1567 403 1633 rontium.
449 1565 657 1631 scribendum
693 1565 862 1652 utrobique
897 1568 1028 1632 Κίσσιον
1055 1588 1128 1631 oum
1157 1565 1354 1630 Blomfieldo.

255 1671 358 1736 Reota
372 1668 474 1732 forma
488 1681 610 1732 servata
624 1667 658 1731 in
672 1666 760 1732 libris
773 1667 964 1754 quibusdam
979 1692 1011 1734 v.
1030 1688 1101 1737 120.
1116 1683 1148 1734 et
1162 1669 1195 1732 in
1209 1668 1356 1733 omnibus

256 1770 402 1858 Choeph.
418 1787 493 1855 423.
509 1771 638 1838 Κισσίας
651 1773 752 1851 νόμοις
765 1773 975 1854 ἰηλεμιστρίας.

299 1872 440 1958 Κίσσιον]
465 1872 580 1937 Strabo
598 1892 650 1954 14.
672 1895 705 1959 p.
720 1871 796 1953 728.
818 1871 962 1955 λέγονται
977 1875 1011 1938 δὲ
1028 1875 1077 1939 καί
1091 1875 1214 1937 Κίσσιοι
1229 1874 1260 1937 oi
1277 1874 1354 1937 Σοά-

256 2000 328 2042 σιοι.
351 1976 428 2058 φησί
442 1977 475 2039 δὲ
490 1976 539 2039 καὶ
554 1976 707 2059 Αἰσχύλος
720 1974 775 2054 τὴν
787 1974 900 2057 μητέρα
910 1974 1069 2056 Μέμνονος
1083 1976 1226 2039 Κισσίων.
1252 1975 1356 2038 Hero·

254 2076 350 2143 dotus
363 2079 394 2154 6,
411 2076 483 2162 236.
500 2077 627 2156 Κισσίης
647 2078 747 2160 χωρης
767 2077 918 2142 meminit.
949 2076 1092 2163 Hesyoh.
1115 2079 1245 2142 Κίσσιοι
1270 2076 1356 2142 ἔθνος

257 2185 396 2262 Περσῶν.
431 2177 554 2256 suidas,
576 2179 703 2242 Κισσία.
723 2179 816 2262 χάρα.
851 2178 1007 2244 Herodot.
1028 2194 1057 2262 7,
1072 2180 1125 2244 62.
1148 2180 1357 2257 Κίσσιοι-μι-

256 2284 400 2364 τρηφόροι
414 2281 498 2345 ἔσαν.
520 2280 696 2344 BLOMF.

301 2386 354 2449 18.
371 2385 462 2469 ναῶν]
479 2388 557 2463 νηῶν
572 2383 623 2446 Μ.
637 2395 670 2446 et
684 2396 747 2447 tres
760 2382 825 2448 alii.

300 2503 353 2552 αι.
368 2486 423 2550 Ad
439 2485 566 2550 nomina
579 2485 698 2549 duounr
713 2507 786 2570 quae
803 2500 981 2572 aequantur
994 2500 1078 2549 reate
1090 2485 1252 2550 annotavit
1267 2485 1356 2550 soho·

256 2587 356 2667 hasta,
371 2593 512 2668 βασιλεῖς
522 2589 579 2668 μὶν
592 2592 651 2651 τῶν
662 2587 743 2651 ίδίων
755 2590 883 2666 πόλεων,
892 2587 1126 2669 ὑποτεταγμένοι
1140 2590 1173 2652 δὲ
1187 2593 1227 2674 τῷ
1239 2588 1356 2676 Πέρσῃ.

256 2692 295 2754 τὸ
307 2691 364 2769 μὲν
378 2695 438 2754 τῶν
451 2689 606 2768 ὀνομάτων
622 2687 772 2770 ἱστόρησε,
788 2691 826 2753 τὸ
840 2692 873 2754 δὲ
888 2692 1009 2758 τελείως
1023 2691 1168 2755 ἔπλασεν.
1200 2761 1202 2766 ,

298 2792 459 2872 Ἀμίστρης
482 2789 591 2876 Steph.
611 2788 887 2868 eonsentientibus‚
903 2806 940 2855 ut
957 2790 1093 2865 videtur,
1109 2791 1269 2855 oodioibus
1289 2791 1357 2877 ple·

244 2890 373 2976 risque.
394 2889 581 2972 Ἀμνήστρης
594 2889 673 2953 Ald.
703 2889 883 2972 Ἀμνίστρης
895 2895 939 2959 Ν.
953 2907 986 2957 et
1003 2895 1134 2958 Beroea.
1159 2893 1357 2957 Probabilior

256 2991 391 3057 nominis
410 2990 513 3055 forma
525 2989 694 3072 Ἀμήστρης
708 3013 774 3054 esse
787 2993 922 3074 videtur,
937 3018 1032 3082 quam
1052 2995 1196 3060 exhibuit
1215 2995 1310 3069 Rob.‚
1329 2994 1355 3058 si

256 3096 335 3184 quid
350 3096 482 3160 nominis
497 3095 658 3160 muliebris
673 3094 789 3160 Persici
801 3096 966 3182 Ἀμηστρις
979 3096 1202 3186 οοιιιραςαιὶοαί
1216 3096 1357 3160 tribuen-

257 3198 346 3264 dum.
370 3198 589 3281 “Ἀμίοτρης,”
597 3197 640 3263 ait
652 3197 843 3279 Brunokius,
855 3207 875 3238 “
885 3198 968 3264 idern
980 3222 1046 3264 esse
1059 3199 1195 3277 videtur,
1203 3198 1259 3286 qui
1275 3199 1358 3263 infra

257 3324 288 3365 v.
308 3320 385 3388 320.
404 3313 536 3365 vocatur
554 3299 727 3383 Ἀμηοτρις,
749 3301 805 3366 ubi
826 3302 897 3367 libri
917 3303 970 3367 alii
987 3302 1154 3384 Ἀμιστρις,
1177 3302 1229 3366 alii
1248 3316 1358 3366 contra

257 3418 393 3468 metrum
423 3400 594 3484 Ἀμίστρης.
639 3403 784 3469 Virorum
814 3399 949 3476 nomina,
976 3415 1078 3465 metro
1105 3399 1293 3478 refraotaria
1323 3399 1357 3463 in

257 3505 398 3570 ordinem
419 3503 561 3591 cogenda
578 3520 677 3584 erant,
693 3521 730 3570 ut
750 3503 854 3570 versui
875 3501 976 3591 aptari
996 3517 1134 3591 possent.
1177 3502 1239 3580 Qui
1259 3502 1358 3588 vulgo

257 3605 471 3689 Ἀρταφέρνης,
488 3605 681 3692 transpositis
695 3605 792 3671 literis
803 3602 1007 3688 Ἀρταφρένης
1021 3603 1084 3669 dici
1098 3602 1239 3669 debuit.”

301 3703 519 3789 Ἀρταφρένης]
555 3704 760 3788 Ἀρταφέρνης
795 3707 937 3794 quinque
972 3704 1103 3770 oodioes.
1152 3702 1359 3787 Ἀρταφρένης

261 3807 434 3895 AEsohylus
456 3829 518 3871 non
539 3806 638 3870 solum
662 3809 752 3893 metri
772 3832 891 3888 caussa,
912 3807 966 3872 sed
992 3809 1084 3874 etiam
1104 3831 1145 3872 ex
1171 3809 1357 3872 Groeoorum

259 3908 485 3975 eonsuetudine
522 3907 612 3988 dixit,
642 3909 768 3973 nomina
803 3912 929 3976 Persica
959 3911 1080 3976 Graeois
1108 3925 1260 3997 quantum
1290 3908 1358 3973 fieri

259 4026 363 4098 potest
383 4009 637 4075 assimilandum:
660 4010 701 4074 de
722 4035 788 4098 quo
809 4036 838 4076 v.
854 4012 993 4078 Boeokh.
1009 4015 1107 4100 Corp.
1130 4013 1226 4077 Insor.
1250 4013 1311 4076 vol.
1328 4030 1358 4076 2.

258 4136 290 4201 p.
310 4130 380 4196 117.
403 4112 654 4201 “Artaphernes
673 4114 814 4199 quidam,
838 4114 1048 4202 Artaphernis
1070 4115 1114 4179 fit.
1137 4114 1303 4202 Lydorum
1326 4128 1359 4177 et

260 4216 428 4378 Mysorulip
443 4215 510 4279 dux
524 4215 556 4279 in
570 4214 629 4281 hao
643 4215 841 4304 expeditione
856 4232 1047 4282 memoratur
1062 4217 1228 4282 Herodoto
1243 4232 1273 4300 7,
1286 4219 1359 4299 74.”

262 4316 385 4379 STAN
420 4363 428 4378 .
1060 4342 1064 4351 ¹
