2978 5062
252 331 316 397 106
612 334 990 399 ANNOTATIONES

252 510 355 566 contr.
391 501 475 566 Mire
490 500 698 567 hallucinatur
711 502 864 590 interpres
879 504 1021 578 Gustus,
1037 502 1091 588 qui
1107 500 1148 564 de
1164 500 1354 566 Catubosuto

253 603 434 688 nescioquo
448 617 554 667 monte
568 603 710 669 somniat.
737 605 898 668 STANL.

295 703 364 785 παρ’
384 706 489 789 ὄχθας]
512 705 610 770 Hom.
634 705 675 770 Il.
695 711 728 770 Γ.
744 707 814 788 187.
837 704 904 785 παρ’
927 707 1020 787 ὄχθας
1041 705 1233 785 Σαγγαρίοιο.
1257 704 1299 766 Ol
1320 704 1354 768 δὲ

252 804 317 889 μεθ’
327 804 473 888 Ὀμηρον,
488 805 533 870 ait
547 806 697 870 Euststh.
711 830 743 893 p.
758 826 894 891 403,13.
910 804 977 887 παρ’
994 809 1099 889 ὄχθαις
1113 806 1220 887 φασίν.
1256 803 1353 881 Quod

253 929 315 971 oon
335 921 382 970 est
401 929 520 971 verum.
538 906 606 988 παρ’
629 910 724 990 ὄχθας
744 923 791 971 est
811 929 899 972 secus
913 909 1024 994 ripos3
1046 905 1114 988 παρ’
1133 908 1354 991 ὄχθοιςρτισία

252 1011 354 1096 ripas,
377 1021 414 1072 ut
438 1008 469 1071 in
493 1008 597 1071 Theb.
618 1026 691 1093 392.
713 1010 776 1092 βοᾷ
800 1007 868 1090 παρ’
892 1011 996 1092 ὄχθοις
1018 1010 1182 1088 ποταμίαις.
1206 1006 1351 1094 Sophocl.

253 1110 386 1175 Philoct.
404 1113 478 1192 726.
496 1115 661 1193 Σπερχειοῦ
676 1109 742 1191 παρ’
758 1113 874 1193 ὄχθαις.
896 1110 1070 1175 BLOMF.

297 1211 392 1300 ἐξίκῃ]
409 1215 486 1292 {flos
499 1211 619 1299 aliquot
633 1211 724 1277 codd.
740 1228 771 1278 et
787 1212 863 1278 Ald.

296 1315 370 1378 811.
392 1314 599 1399 καταβασμὸν]
615 1316 819 1379 Descensum.
865 1312 1026 1399 Loquitur
1040 1325 1133 1398 poeta
1146 1311 1187 1376 de
1202 1315 1353 1380 Καταδού-

252 1440 320 1481 note
334 1414 411 1493 Nili,
427 1416 482 1479 ubi
496 1415 612 1480 fluvius
628 1415 686 1480 iste
705 1415 746 1480 de
768 1415 927 1480 montibus
948 1413 1171 1501 praecipitatur.
1196 1413 1351 1479 Herodot.

255 1535 286 1594 2,
300 1532 349 1598 17.
365 1520 381 1581 ὁ
395 1521 454 1600 γὰρ
468 1524 590 1596 Νεῖλος,
605 1517 770 1601 ὄρξόμενος
785 1521 817 1584 ἐκ
832 1526 891 1583 τῶν
901 1519 1112 1582 Καταδούπων.
1129 1516 1228 1582 Cicer.
1244 1518 1353 1582 Somn.

254 1617 338 1705 Scip.
376 1620 469 1684 Sicut
482 1621 536 1683 ubi
548 1620 649 1685 Nilus
663 1622 707 1686 ad
720 1643 758 1685 eo
769 1641 840 1708 quot
858 1621 1024 1706 Catadupa
1039 1621 1257 1697 nominantur,
1268 1643 1352 1707 prae·

254 1722 366 1806 cipitot
386 1741 427 1785 etc
446 1721 612 1787 altissimis
634 1723 800 1787 montibus.
823 1721 907 1786 Plin.
930 1740 962 1806 5,
979 1742 1009 1805 9.
1038 1723 1145 1786 Ventus
1166 1725 1259 1809 aquis
1278 1745 1352 1809 pro

248 1824 439 1910 perentibus
460 1824 503 1887 od
523 1824 622 1888 locum
637 1825 835 1911 AEtktopunc
854 1825 909 1911 qui
926 1823 1088 1907 Catadupi
1111 1834 1276 1900 uocantur,
1295 1847 1351 1889 no·

255 1926 384 1990 vissimo
402 1927 589 1992 Cotorrocte
610 1928 695 1990 inter
714 1937 913 1990 occursantes
934 1927 1076 2012 scopulos
1097 1947 1161 1991 non
1170 1929 1279 2014 fluere
1295 1929 1353 1991 im-

255 2046 359 2091 metuo
359 2029 506 2115 fragore
519 2028 672 2106 creditur,
687 2029 743 2092 sed
761 2050 863 2092 ταονε.
909 2026 981 2091 Vid.
995 2028 1132 2115 interpp.
1151 2027 1192 2092 ad
1208 2029 1351 2116 Hesych.

255 2150 284 2191 v.
302 2129 502 2197 Καπάδονπος.
548 2129 700 2194 Diversus
721 2144 825 2194 autem
849 2144 915 2192 erat
933 2129 982 2192 hic
1001 2129 1089 2193 locus
1109 2152 1129 2193 α
1150 2135 1351 2219 Καταβαθμῷ,

254 2253 354 2318 prope
369 2230 505 2318 Libyam
522 2230 590 2296 sito.
617 2232 791 2296 BLOMF.

298 2333 471 2420 Βυβλίνων]
487 2335 639 2415 βιβλίνων
654 2336 704 2398 Μ.
719 2348 750 2398 et
766 2349 828 2398 tres
845 2332 906 2397 alii.
953 2341 974 2372 ‘⁶
992 2331 1145 2420 Byblinos
1167 2322 1354 2399 montes'ito

254 2434 354 2500 dictos
368 2458 387 2498 α
401 2458 523 2522 papyro
536 2450 568 2500 et
582 2435 708 2499 calams
721 2449 826 2499 monet
841 2432 1027 2512 scholiastes,
1044 2457 1100 2497 nec
1114 2432 1254 2498 absimile
1269 2457 1353 2515 vero,

257 2558 392 2623 namque
411 2551 442 2600 et
465 2536 565 2623 Niger
589 2537 718 2623 perinde
743 2560 778 2601 ac
802 2536 895 2600 Nilus
917 2560 1044 2624 papyro
1070 2537 1160 2624 uiget
1180 2545 1211 2600 et
1235 2538 1354 2602 colunto

253 2640 457 2724 prsetecitur.
475 2637 571 2701 Solin.
586 2639 659 2723 30.''
683 2640 848 2703 STANL.

299 2741 391 2823 ὀρῶν]
409 2740 504 2821 θρίων
519 2741 557 2804 C.
573 2755 604 2803 et
619 2763 684 2804 var.
699 2739 767 2803 lect.
783 2763 833 2827 sp.
852 2740 1051 2804 Turnebum.

301 2843 373 2905 812.
390 2841 514 2925 σεπτὸν]
531 2841 643 2921 σεμνὸν
655 2843 742 2906 AB.

301 2943 427 3005 εὔποτον
447 2939 527 3025 ῥέος]
554 2941 672 3005 Achill.
696 2944 771 3008 Tat.
794 2964 827 3024 4,
847 2945 896 3006 18.
919 2943 958 3006 de
981 2965 1065 3028 aqua
1089 2942 1176 3007 Nili:
1201 2943 1294 3024 γλυκὺ
1321 2944 1354 3006 δὲ

257 3045 419 3122 πινόμενον
432 3041 480 3120 ἦν,
498 3043 545 3105 καὶ
559 3043 679 3126 ψυχρὸν
695 3046 729 3107 ἓν
742 3045 837 3131 μέτρῳ
853 3049 903 3123 τῆς
917 3046 1031 3123 ἡδονῆς.
1047 3058 1079 3108 et
1098 3043 1194 3131 paulo
1208 3056 1290 3130 post,
1306 3047 1355 3109 διὰ

258 3150 343 3209 τοῦτο
358 3144 450 3210 αὐτὸν
464 3147 592 3227 ἄκρατον
606 3148 622 3209 ὁ
637 3147 796 3228 Αίγθπτιος
810 3149 905 3211 πίνων
919 3146 954 3210 οὗ
974 3152 1126 3228 φοβεῖται,
1143 3148 1293 3209 Διονύσου
1314 3145 1355 3225 μὴ

258 3249 405 3328 δεόμενος.
451 3248 528 3311 Huc
550 3247 683 3334 pertinet
699 3247 860 3312 Pescennii
883 3248 1001 3313 dictum
1025 3247 1064 3311 nd
1089 3247 1216 3312 milites:
1240 3248 1355 3312 Nilum

257 3352 387 3431 habetis,
397 3361 427 3413 et
441 3353 549 3415 vinum
566 3352 738 3437 queritis?
761 3349 859 3415 Plura
872 3350 912 3414 de
923 3350 1089 3415 dulcedine
1102 3374 1194 3437 equoe
1210 3348 1355 3415 Niloticae

260 3452 444 3540 Spartianus
457 3451 489 3514 in
507 3453 676 3516 Pescennio
691 3451 792 3538 Nigro
806 3476 833 3515 c.
851 3467 880 3532 7.
905 3453 1028 3515 STAN
1033 3452 1073 3515 L.

302 3555 374 3638 813.
398 3555 542 3635 τρίγωνον
560 3556 591 3621 ἐς
611 3551 723 3638 χθόνα]
741 3553 844 3618 Δίλτα
863 3553 976 3629 innuit,
993 3553 1079 3639 quod
1094 3552 1257 3640 AEgyptiis
1278 3565 1356 3617 teste

259 3655 420 3742 Stephano
445 3656 597 3735 Πτίρυρις,
621 3655 742 3719 Graecis
765 3654 878 3729 Δέλτα,
904 3654 946 3718 ob
969 3654 1103 3740 figuram
1129 3676 1195 3739 qus
1220 3653 1356 3719 Siciliam

257 3755 408 3820 imitatur.
431 3754 563 3818 Diodor.
583 3775 611 3832 1,
633 3774 687 3840 34.
732 3756 937 3831 Extenditur‚
961 3755 1121 3838 referente,
1136 3754 1302 3820 Herodoto
1323 3773 1355 3833 α,

262 3879 312 3944 15.
336 3857 507 3923 secundum
528 3879 614 3922 mare
635 3858 694 3921 ἀπὸ
710 3856 852 3938 Πέρσεος
874 3860 996 3935 σκοπιῆς
1016 3856 1105 3939 μέχρι
1126 3857 1284 3939 ταριχείαν
1298 3860 1357 3920 τῶν

260 3967 488 4040 Πηλουσιακῶν,
505 3960 647 4048 (legerim
662 3957 834 4040 βαρόθρων,
849 3958 891 4022 sic
906 3957 987 4022 enim
1010 3957 1078 4023 loca
1096 3958 1180 4022 circo
1194 3956 1357 4021 Pelusium

260 4062 360 4124 vocari
376 4061 465 4126 solita
475 4085 514 4126 ex
529 4061 680 4126 Strabone
691 4074 822 4138 constat,
837 4078 885 4143 17.
901 4083 933 4147 p.
947 4062 1038 4143 θον.)
1053 4083 1073 4124 tt
1087 4060 1164 4125 mari
1178 4060 1268 4144 μέχρι
1283 4065 1358 4141 Κερ-

261 4165 395 4244 κασιίρου
410 4166 526 4240 πόλιος,
540 4163 602 4228 καθ’
618 4164 655 4242 dv
669 4165 802 4247 σχίζεται
822 4165 838 4226 ὁ
854 4169 974 4235 Νεῖλος,
992 4163 1024 4230 ἔς
1043 4189 1077 4227 τε
1092 4164 1267 4241 Πηλούσιον
1280 4161 1358 4242 ρίαν

262 4265 308 4327 καὶ
324 4267 355 4333 ἐς
370 4267 527 4346 Κάνωβον.
552 4267 722 4330 STANL.

304 4366 376 4429 816.
401 4366 487 4430 Citst
502 4365 620 4430 Athen.
638 4368 667 4429 8.
684 4389 716 4452 p.
731 4382 794 4449 347
812 4367 849 4430 C.
870 4389 909 4429 ex
931 4389 1031 4451 eoque
1049 4364 1195 4428 Eustath.
1211 4386 1243 4450 p.
1262 4377 1358 4449 1535,

262 4487 313 4548 24.
