2978 5062
324 366 392 430 AD
416 367 608 432 SEPTEM
632 370 881 436 ADVERSUS
905 370 1107 436 THEBAS.
1200 373 1262 437 221

164 549 269 598 autem
278 533 413 600 'trochaei
428 557 574 601 mensura
587 559 606 601 a
620 549 720 602 metro
734 537 923 625 postuletur,
933 537 1126 626 probabilius
1139 537 1265 604 videtur

163 639 244 702 duas
258 638 413 703 exstitisse
428 639 524 725 hujus
531 638 752 727 interjectionis
767 641 894 720 formas,
910 639 942 706 δέ
955 657 988 705 et
1003 641 1047 723 ἐή.
1093 642 1145 706 De
1159 641 1264 728 quosi

164 758 247 807 recte
261 756 375 817 statuo,
393 744 426 821 ἐή
441 741 516 807 locis
531 742 720 829 tragicorum
734 742 879 807 omnibus
891 743 951 808 erit
964 742 1193 808 restituendum
1209 743 1265 809 ubi

166 844 199 910 έέ
212 867 271 933 pro
284 844 389 909 iambo
404 845 540 933 positum
556 867 641 908 nunc
657 843 781 931 legitur.
826 845 866 909 Iu
882 844 1027 932 AEschyli
1041 846 1082 909 de
1100 869 1166 933 quo
1180 868 1265 911 nunc

164 944 288 1031 agimus
303 967 393 1009 versu
409 944 496 1010 nulla
510 946 621 1009 harum
638 946 809 1011 formarum
825 945 928 1011 locum
940 946 1045 1024 habet,
1057 969 1156 1033 quum
1168 946 1266 1013 totius

165 1045 262 1134 hujus
284 1047 428 1111 carminis
448 1047 631 1135 compositio
653 1047 791 1135 postulet
813 1060 849 1114 ut
871 1048 954 1113 idem
980 1048 1076 1136 hujus
1096 1064 1194 1136 atque
1218 1072 1265 1114 se-

165 1149 291 1235 quentis
305 1171 415 1213 versus
429 1165 562 1213 metrum
579 1150 627 1229 sit,
642 1149 677 1215 id
690 1166 737 1214 est
751 1150 919 1216 iambicum
933 1149 1111 1216 dimetrum.
1146 1153 1265 1230 Quam-

164 1250 272 1314 obrem
297 1251 537 1315 Lschmanuum
564 1265 647 1316 recte
669 1262 751 1339 puto
771 1251 941 1317 correxisse
961 1253 981 1333 'l
1004 1254 1141 1334 μαίνεται
1164 1255 1265 1338 γόοισι

165 1352 245 1435 φρήν
259 1365 291 1417 et
304 1353 336 1416 in
349 1352 545 1441 antistropho
558 1355 578 1435 ἦ
592 1353 742 1419 δυσθέατα
756 1354 886 1435 πήματα.

208 1457 283 1540 968.
305 1455 453 1538 πάνδυρτε
475 1455 668 1520 Ritschelius
688 1456 722 1520 in
745 1456 875 1521 Schedis
893 1456 1007 1522 criticis
1027 1478 1060 1543 p.
1079 1474 1128 1523 12.
1149 1455 1263 1523 πανδθ·

165 1583 251 1640 κρυτε
276 1558 453 1625 B.L.M.N.
479 1560 539 1622 Ar.
570 1558 722 1623 Cantabr.
752 1558 880 1646 primus
926 1558 1109 1646 Legebatur
1136 1557 1266 1625 πολυδθ-

166 1684 259 1741 κρυτς.

208 1763 283 1847 969.
299 1760 381 1846 urire]
397 1761 435 1826 αδ
450 1763 492 1826 Ε.
508 1760 618 1827 Guelf.

207 1879 281 1947 970.
311 1864 404 1944 φίλου
431 1865 645 1928 Hermannus.
688 1864 871 1951 Legebatur
901 1865 994 1947 φίλου
1021 1863 1061 1947 γ’,
1088 1863 1147 1930 nisi
1175 1862 1264 1952 quod

165 1966 257 2047 φίλου
270 1963 295 2028 τ’
311 1965 415 2030 Τατα.
430 1988 503 2031 cum
519 1967 557 2031 C.
572 1982 605 2030 et
619 1965 756 2032 Vindob.
770 1966 906 2032 duobus.

207 2084 282 2152 973.
296 2083 369 2150 974
385 2089 493 2132 versus
506 2067 611 2156 inepte
624 2067 812 2155 interpolati.

208 2188 282 2254 973.
298 2168 409 2254 ἀχέων]
424 2171 505 2252 γόον
520 2172 560 2237 Β.
574 2169 690 2258 aliique
704 2169 847 2235 nonnulli
861 2184 891 2235 et
907 2171 992 2237 Rob.

209 2272 308 2357 τοίαν]
322 2274 417 2336 ποίων
431 2272 540 2339 Guelf.

208 2376 352 2463 έγγθθεν]
368 2401 418 2458 γρ.
434 2377 539 2458 έγγθθι
554 2376 593 2441 Β.
1264 2412 1269 2439 ¹.

207 2493 282 2562 974.
298 2484 350 2542 ΙΣ.
363 2501 424 2543 om.
437 2478 513 2543 Ald.
531 2479 615 2543 Rob.
632 2480 754 2543 Tarm:
778 2476 901 2542 addunt
915 2475 1036 2541 codices
1048 2491 1081 2541 et
1097 2477 1207 2565 Steph.

207 2578 315 2666 πέλας]
345 2580 553 2646 Scribeudum
581 2580 678 2649 πέλας
706 2580 730 2645 δ’
757 2603 796 2645 ex
819 2579 955 2646 A.B.M.
985 2578 1125 2668 aliisque.
1157 2578 1270 2648 πέλαδ’ἱ

167 2681 250 2746 Rob.

208 2800 282 2868 975.
304 2786 379 2848 Hoc
396 2786 540 2867 ἐφύμνιον
558 2785 653 2849 choro
676 2784 782 2851 tribui.
827 2785 867 2850 In
889 2783 967 2850 Ald.
990 2800 1022 2850 et
1044 2785 1149 2852 Turn.
1168 2785 1264 2852 Anti-

165 2906 268 2972 gonae,
282 2885 315 2949 iu
330 2886 415 2950 Rob.
431 2887 567 2952 Ismenae
581 2910 713 2974 persona
725 2886 917 2976 praescripta.

209 2988 255 3073 ιδ]
272 2989 305 3051 ιδ
320 2990 354 3052 ἰὼ
370 2987 455 3053 Rob.

209 3092 284 3173 976.
311 3091 437 3154 Οἰδίπου
459 3091 541 3177 σκιά]
566 3091 669 3156 Schol.
692 3093 781 3157 σκιάν
803 3095 964 3159 Οἰδίποδος
987 3092 1078 3157 αὐτὸν
1103 3096 1192 3158 καλεῖ
1210 3092 1266 3159 τδν

146 3194 320 3270 Οἰδίποδα·
343 3192 509 3274 τυφλωθεὶς
529 3196 588 3275 γὰρ
610 3196 734 3258 εἴδωλον
756 3194 833 3258 εἶναι
854 3199 944 3268 δοκεῖ,
960 3195 1009 3258 καὶ
1030 3195 1066 3260 αὖ
1082 3193 1196 3262 τέλειος
1213 3195 1266 3260 δν-

167 3298 291 3374 θροπος.
337 3292 569 3358 Grammaticus
601 3295 725 3383 respicit
754 3294 870 3381 Eurip.
902 3293 1055 3360 Phoeniss.
1084 3312 1176 3381 1559.
1209 3295 1265 3360 ubi

167 3418 199 3459 se
225 3408 317 3459 vocat
344 3394 486 3482 OEdipus
514 3398 632 3480 αἰθέρος
660 3399 777 3480 ἀφανὲς
809 3400 944 3463 εἴδωλον.
1003 3396 1160 3485 OEdipum
1189 3413 1269 3462 vem

167 3497 340 3584 AEschylus
354 3519 536 3585 supremum
551 3498 633 3562 diem
649 3499 762 3564 obiisse
775 3498 875 3586 fingit.
899 3499 1074 3564 BLOMF.

209 3616 282 3683 977.
299 3601 371 3684 989.
386 3598 503 3680 μέλαιν’
520 3602 689 3666 Porsonus.
710 3601 841 3683 μέλαινά
854 3598 879 3666 τ’
895 3600 977 3666 libri.

208 3702 324 3783 Ἐρινδς
341 3701 393 3765 Μ.
415 3699 552 3783 Ἐριννὺς
565 3702 672 3791 vulgo.

208 3831 253 3873 τις
267 3827 329 3869 om.
345 3806 473 3869 Barocc.
489 3802 566 3868 Ald.

209 3908 283 3992 978.
307 3908 371 3972 Hic
393 3928 501 3971 versus
516 3907 698 3995 Antigonae,
717 3907 878 3995 proximus
901 3909 1035 3973 Ismenae
1056 3922 1103 3974 est
1124 3909 1264 3976 tribuen-

166 4008 235 4083 dus,
260 4024 296 4074 ut
317 4032 357 4074 ex
379 4008 521 4073 versibus
542 4011 707 4098 strophicis
727 4023 868 4096 apparet.
911 4011 958 4075 Et
983 4010 1025 4075 sic
1049 4009 1265 4083 Blomfieldus.

168 4111 207 4176 Iu
224 4112 308 4178 Rob.
322 4127 394 4176 aute
408 4113 443 4191 ἠὲ
458 4103 545 4177 nulla
558 4125 605 4178 est
625 4135 766 4201 personae
785 4127 869 4191 nota,
884 4129 957 4178 ante
977 4112 1267 4201 δυσθέατα-φυγᾶς

166 4237 240 4278 vero
255 4221 321 4280 AN.
337 4231 384 4281 est
397 4227 552 4282 notatum.

208 4319 245 4396 ἠδ
264 4319 314 4404 ἠέ]
338 4320 373 4398 ἠὲ
396 4320 491 4384 semel
512 4320 641 4385 Barocc.
657 4318 735 4383 Ald.
754 4320 839 4385 Rob.
871 4320 891 4400 'l
912 4318 1111 4385 scribendum
1133 4343 1203 4388 esse
1223 4323 1267 4389 ad

167 4444 198 4484 v.
214 4423 287 4505 966.
304 4421 507 4486 ostendimus.
554 4424 616 4486 Per
631 4425 690 4503 φεῦ
705 4425 764 4503 φεῦ
778 4420 912 4508 explicat
928 4420 1101 4488 scholiasta.

210 4540 284 4607 979.
307 4522 428 4603 ἐδείξατ’
445 4525 478 4588 ἐκ
497 4529 596 4607 φυγᾶς
610 4524 696 4607 ἐμοί]
714 4523 895 4602 Scholiasta,
911 4529 997 4590 τοῦτο
1018 4526 1057 4593 ὥς
1077 4527 1150 4608 πρὸς
1165 4532 1267 4595 natm
