2978 5062
559 354 628 418 AD
651 356 840 423 PERSAS.
1185 366 1249 428 9238

147 511 202 576 filii
231 517 331 582 salute
359 521 465 584 anxia.
523 520 585 586 Sed
615 522 674 586 hoc
702 538 924 609 argumentum
955 527 1077 614 plenius
1106 529 1251 598 tractarit

149 617 354 685 Hermannus
370 622 402 686 in
424 623 639 688 dissertatione
657 624 698 689 de
713 625 859 713 AEschyli
875 629 980 693 Persis
994 652 1028 716 p.
1043 630 1096 694 vii.
1113 633 1248 719 (Opusc.

148 717 207 782 vol.
222 739 252 785 a.
268 745 302 808 p.
316 728 398 807 91.).
422 724 564 790 Chorum
586 725 758 814 Phrynichi
778 751 817 792 ex
839 728 1022 796 mulieribus
1040 733 1249 819 compositum

147 818 244 886 fuisse
257 825 439 911 conjicimus
455 825 637 904 Phoenissis,
652 827 783 893 istorum
805 831 992 897 Phoenioum
1015 835 1179 913 uxoribus,
1194 837 1250 923 qui

149 921 366 1013 Xerxisjussu
382 945 454 1016 post
468 953 605 1017 pugnam
624 931 822 996 Salaminiam
838 932 983 999 decollati
999 949 1101 1014 eraut,
1117 937 1163 1000 uti
1178 959 1250 1000 uar-

148 1039 197 1089 rat
212 1028 397 1095 Herodotus
414 1034 444 1108 8,
460 1051 511 1115 90.
546 1031 690 1117 AEschyli
706 1054 782 1096 vero
795 1034 910 1098 chorus
923 1058 963 1099 cx
978 1036 1104 1100 senibus
1118 1050 1251 1116 constat,

148 1141 217 1190 turn
240 1131 330 1194 annis
355 1146 422 1197 tum
449 1132 603 1220 dignitate
628 1134 867 1214 venerabilibus,
893 1137 948 1223 qui
974 1136 1127 1202 universae
1149 1137 1252 1224 gentis

148 1226 283 1294 Persicae
296 1255 443 1318 pavorem
458 1247 490 1299 et
505 1232 625 1298 luctum
641 1234 830 1321 exprimant.
868 1239 933 1301 Par
946 1251 993 1301 est
1006 1237 1132 1302 credere
1147 1238 1251 1325 Phry·

147 1328 274 1396 nichum
290 1335 372 1401 diem
395 1353 468 1402 ante
489 1337 601 1402 obiisse
615 1360 710 1424 quam
727 1337 873 1426 AEsohyli
896 1337 1004 1404 fabula
1020 1339 1105 1404 edita
1127 1339 1176 1418 sit,
1193 1362 1251 1406 nec

148 1447 251 1498 tamen
273 1436 390 1504 idcirco
411 1439 559 1504 credibile
584 1453 630 1504 est
653 1438 736 1504 illius
759 1438 871 1504 scrinia
894 1440 980 1505 htrnc
1004 1454 1112 1528 aperte
1134 1442 1251 1530 compi·

147 1534 243 1616 lasse3
267 1560 324 1604 neo
347 1542 548 1628 usqueadeo
571 1542 742 1628 premenda
767 1556 814 1606 est
843 1541 1027 1628 significatio
1049 1544 1134 1608 vocis
1153 1570 1249 1626 παρα-

147 1644 335 1718 πεποιῆσθαι.
381 1644 554 1732 Euripides
585 1642 717 1709 Penthei
755 1643 892 1708 fabulam
923 1645 1034 1709 eodem
1063 1646 1158 1710 modo
1186 1669 1251 1733 quo

147 1739 320 1828 AEschylus
335 1746 490 1824 tractavit,
507 1761 539 1810 et
552 1745 629 1809 nihil
645 1746 704 1810 nisi
719 1768 830 1810 nomen
848 1748 992 1824 mutavit,
1009 1761 1044 1811 ut
1057 1747 1102 1812 ait
1117 1748 1249 1835 scriptor

144 1846 321 1928 argumenti
345 1847 385 1910 ad
411 1848 571 1920 Bacchas3
594 1849 613 1928 ἡ
639 1846 798 1927 μυθοποιΐα
822 1855 915 1912 κεῖται
943 1847 1010 1929 παρ’
1038 1851 1191 1936 Αἰσχύλῳ·
1215 1852 1249 1914 τὸ

145 1944 241 2021 ὄνομα
254 1949 349 2024 μόνον
362 1951 595 2029 μεταπεποίηται
612 1950 764 2030 Εὐριπῶῃ,
780 1948 833 2013 sed
848 1964 880 2012 et
900 1948 960 2012 hoa
973 1949 1014 2012 de
1028 1952 1109 2034 μύθῳ
1126 1964 1249 2016 tantum

145 2042 394 2132 intelligendum,
411 2049 538 2113 minime
552 2072 627 2113 vero
641 2049 682 2113 de
696 2048 832 2114 dictione
853 2063 909 2112 aut
929 2049 1065 2113 externis
1087 2052 1249 2136 tragoediae

144 2148 344 2214 ornamentis.
390 2149 565 2236 AEschylus
589 2166 694 2217 autem
720 2173 784 2214 non
813 2150 893 2214 adeo
921 2150 1098 2214 inventione
1127 2175 1249 2239 pauper

143 2265 220 2327 erat,
250 2265 286 2313 ut
316 2251 488 2338 Phrynichi
513 2251 637 2318 fabulas
660 2268 853 2339 recoqueret.
897 2250 988 2314 Audi
1014 2251 1117 2338 ipsum
1146 2252 1187 2317 de
1215 2277 1248 2318 se

144 2351 322 2439 loquentem
338 2355 425 2442 apud
441 2356 686 2442 Aristophanem
701 2355 732 2419 in
748 2357 831 2420 Rau.
848 2354 941 2438 1298.

273 2455 343 2521 ἀλλ’
357 2459 411 2522 οὖν
426 2459 485 2540 ἐγὼ
499 2461 556 2538 μὲν
571 2460 602 2525 ἐς
616 2457 651 2521 τὸ
666 2457 761 2522 καλὸν
775 2459 876 2521 littori
891 2457 985 2518 καλοῦ

272 2562 401 2644 ἤνεγκον
415 2560 489 2640 αὕθ’,
506 2564 557 2626 ἵνα
570 2561 612 2641 μὴ
626 2560 680 2624 τὸν
695 2560 784 2625 αὐτὸν
799 2559 939 2641 Φρυνίχῳ

270 2670 404 2744 λειμῶνα
418 2670 552 2729 Μουσῶν
567 2663 649 2745 ἱερὸν
663 2663 790 2744 ὀφθείην
804 2661 929 2743 δρέπων.

143 2762 309 2828 Persarum
333 2782 553 2853 argumentum
577 2763 708 2850 simplex
731 2778 788 2842 est,
806 2778 839 2828 et
860 2761 1042 2848 simpliciter
1064 2775 1242 2840 tractatum,

141 2863 174 2926 in
189 2867 312 2953 epopoei
334 2869 548 2955 potiusquam
564 2865 674 2954 tragici
695 2882 797 2954 poetae
820 2887 949 2943 morem,
965 2864 990 2927 si
1009 2864 1049 2929 ab
1065 2864 1244 2928 Aristotelis

141 2966 320 3034 definitione
342 2972 488 3036 standum
503 2989 568 3044 est;
593 2992 693 3057 quum
717 2985 782 3035 tota
801 2971 867 3034 fere
886 2969 995 3034 fabula
1015 2992 1072 3055 per
1093 2969 1242 3033 narratio-

141 3092 211 3134 nem
238 3074 446 3160 transigatur:
475 3097 547 3138 nam
573 3071 660 3160 quod
687 3073 776 3136 Darii
809 3071 919 3136 umbra
946 3070 1180 3155 interloquitur,
1210 3070 1243 3134 id

139 3195 238 3260 prope
260 3174 336 3238 nihil
358 3176 472 3239 actioni
494 3174 632 3262 prodest.
679 3174 735 3236 Ad
749 3172 1003 3258 compositionem
1024 3171 1140 3233 fabulae
1155 3172 1242 3256 quod

138 3276 261 3353 attinet,
284 3292 332 3340 ter
354 3291 476 3341 tantum
498 3292 606 3339 contra
625 3273 658 3336 id
679 3273 765 3358 quod
787 3270 951 3335 verisimile
976 3270 1038 3331 fuit
1062 3285 1240 3355 peccantem

137 3377 330 3462 deprehendi
345 3393 489 3462 poetam:
514 3377 626 3460 primo,
642 3372 727 3456 quod
750 3372 831 3434 circa
845 3369 967 3454 'prologi
988 3368 1110 3432 initium
1127 3370 1242 3433 chorus

140 3491 272 3540 testatur
286 3476 408 3540 nullum
423 3475 464 3539 ab
478 3474 615 3539 exercitu
630 3471 781 3535 nuncium
800 3472 880 3532 Susa
893 3468 1089 3554 pervenisse3
1113 3469 1239 3548 deinde,

138 3578 225 3664 quod
248 3578 337 3641 Darii
358 3577 470 3642 umbra
491 3575 617 3663 penitus
638 3573 761 3658 ignorat
780 3569 882 3658 qualis
903 3570 943 3633 sit
965 3570 1025 3634 ista
1046 3569 1148 3635 clades
1165 3592 1240 3655 quae

139 3683 306 3744 Persarum
322 3695 447 3766 gentem
463 3677 593 3748 afflixit;
617 3689 767 3739 ettamen
790 3672 899 3760 paucis
921 3687 991 3758 post
1008 3672 1148 3735 versibus
1170 3694 1239 3734 nar·

136 3801 185 3848 rat
200 3783 360 3870 quomodo
376 3781 496 3846 Xerxis
518 3778 672 3844 exercitus
690 3775 823 3841 delubra
838 3773 967 3837 deorum
983 3773 1148 3858 disjecerit,
1163 3772 1237 3858 ipsi-

137 3910 237 3973 usque
261 3885 381 3950 Xerxis
406 3883 542 3948 ahsentis
564 3895 665 3945 vestes
690 3878 807 3942 laceras
832 3874 998 3948 describit3
1035 3897 1129 3960 porro
1151 3873 1237 3958 quod

136 3990 251 4052 chorus
273 3989 312 4052 de
335 3986 435 4050 Dario
455 3983 608 4071 loquitur,
630 3980 719 4068 quasi
745 3999 907 4063 nunquam
933 3977 965 4040 in
986 3977 1238 4063 expeditionibus

135 4090 252 4154 bellicis
267 4090 395 4154 fortuna
410 4087 513 4151 minus
534 4105 683 4171 prospera
697 4103 774 4144 usus
791 4094 882 4143 esset.
926 4077 1019 4155 Quod
1037 4100 1110 4141 vero
1126 4080 1237 4143 Persas

132 4191 287 4256 sacrificiis
303 4189 424 4255 Graecis
439 4202 562 4251 utentes
575 4183 701 4249 induxit
714 4197 820 4271 poeta,
834 4181 867 4244 id
881 4203 980 4267 quum
997 4203 1035 4242 ex
1056 4180 1236 4246 necessitate

134 4295 177 4357 rei
193 4294 310 4358 factum
327 4293 377 4368 sit,
393 4314 456 4355 non
471 4304 518 4353 est
532 4312 569 4352 eo
584 4285 708 4350 nomine
722 4281 899 4368 culpandus
914 4294 1017 4368 poeta.

179 4397 350 4483 lleliquum
367 4413 414 4460 cst
428 4409 465 4458 ut
479 4392 594 4457 famam
610 4388 769 4475 quandam
791 4384 982 4471 attingamus
1004 4381 1043 4446 de
1067 4384 1231 4450 Persarum

658 4512 678 4552 ⁰
693 4513 717 4575 g
