2978 5062
562 358 629 421 AD
652 359 841 423 PERSAS.
1189 359 1254 422 258

155 525 317 611 Sophoclis
336 549 472 605 versum,
495 527 658 608 Ἐδοξθτην
682 554 733 609 μοι
758 532 796 592 τὸ
822 527 864 592 δύ’
889 528 1000 608 ήιτείρα
1025 534 1142 609 μολεῖν,
1170 527 1255 593 sica

155 628 367 693 Valckenaerio
389 630 588 695 emerrdatum
620 653 679 717 pro
703 630 765 694 τάδ’
791 631 911 716 ἠπείρῳ.
948 630 1021 694 Vid.
1049 630 1190 695 Pierson.
1213 631 1255 695 ad

153 731 327 797 Herodian.
344 756 377 819 p.
393 752 467 818 435.
492 733 554 798 Sed
569 732 736 820 legendum
752 735 793 796 τὸ
808 733 850 796 δύ’
866 734 986 815 ἠπείρω,
1003 756 1041 798 ex
1062 733 1168 797 Attica
1181 756 1256 798 con·

146 834 327 899 suetudine.
367 835 437 900 Vid.
454 838 535 900 Lex.
552 834 697 922 Sophocl.
714 859 743 900 v.
758 838 809 899 Τὼ
822 841 917 918 χεῖρε.
956 837 1105 899 Ceterum
1124 836 1187 900 huc
1205 860 1254 900 re·

154 936 289 1022 spexisse
313 937 456 1001 videatur
482 938 607 1002 Mosch.
638 937 735 1024 Idyll.
761 957 791 1002 2.
813 939 842 999 8.
866 935 985 1000 ’tlloar'
1011 938 1148 1018 ἠπείρους
1173 941 1255 1006 δοιὰς

153 1040 220 1120 περὶ
243 1042 287 1103 elo
308 1040 468 1124 μάχεσθαι,
484 1039 611 1114 Ἀσιάδ’,
627 1039 786 1121 ἀντιπέρην
800 1064 843 1112 τε,
860 1040 940 1121 φυὴν
954 1039 979 1104 δ’
996 1041 1069 1122 ἔχον
1084 1041 1133 1104 οἶα
1152 1047 1254 1121 γυναῖ-

154 1167 211 1208 κες.
249 1149 319 1206 Τῶν
341 1141 365 1206 δ’
387 1144 405 1221 ἡ
425 1146 481 1223 μὲν
503 1145 600 1222 ξείνης
620 1142 740 1224 μορφὴν
755 1141 869 1224 ἔχεν,ή
892 1139 915 1204 δ’
932 1139 976 1223 ἄρ’
994 1140 1078 1226 ἐῴκει
1098 1140 1253 1221 Ἐνδαπίη.

154 1244 329 1308 BLOMF.
354 1246 405 1307 De
419 1247 494 1308 orbe
510 1261 661 1307 terrarum
678 1243 709 1306 in
723 1242 802 1307 duas
816 1260 921 1330 partes
935 1266 954 1308 a
969 1243 1127 1308 veteribus
1142 1241 1254 1322 diviso,

153 1346 262 1408 Asiam
278 1362 310 1409 et
330 1349 500 1432 Europum,
513 1369 543 1408 v.
557 1345 670 1409 Schaef.
688 1345 798 1409 Melet.
815 1345 895 1410 Crit.
910 1370 941 1433 p.
958 1365 1029 1432 37.:
1056 1346 1140 1409 unde
1155 1343 1254 1433 expli-

152 1448 287 1512 candum
302 1449 387 1534 quod
402 1451 483 1513 duos
499 1448 556 1512 sibi
572 1446 717 1512 mulieres
730 1449 912 1535 apparuisse
927 1462 1032 1512 narrat
1049 1450 1174 1512 Atossa.

199 1551 270 1631 184.
292 1549 425 1636 μεγέθει]
446 1553 648 1629 Ρνοοστὶίαίσ,
672 1573 737 1636 qua
759 1550 823 1614 sine
847 1551 978 1615 sunnam
1000 1573 1062 1615 non
1087 1573 1153 1614 esse
1177 1573 1252 1636 per-

152 1652 263 1716 fectam
286 1653 451 1740 putabant.
489 1654 696 1739 Herodot.3,
715 1674 742 1718 1.
761 1652 1065 1737 Ἀπρίεω-θυγοτῆρ
1088 1653 1180 1736 κάρτα
1200 1679 1253 1734 με·

152 1755 232 1837 γθλη
246 1782 279 1819 τε
294 1758 342 1821 καὶ
358 1756 477 1835 εὐειδής.
501 1758 677 1821 BLOMF.

196 1857 431 1942 ἐκπρεπεστάτα]
451 1858 675 1939 εὖπρεπεστάτα
688 1857 779 1922 codd.
795 1858 915 1944 aliquot
929 1874 960 1921 et
976 1857 1055 1922 Ald.
1073 1860 1175 1922 Turn.

200 1961 271 2044 185.
294 1960 415 2045 ἀμώμω]
432 1961 500 2023 Vox
517 1959 671 2023 deforma
689 1958 887 2043 peculiariter
908 1974 1069 2046 usurpata.
1107 1960 1253 2025 Musaeus

154 2063 233 2125 Her.
249 2076 280 2125 et
296 2061 417 2126 Lesnd.
433 2080 486 2145 92.
507 2061 629 2127 Κάλλος
645 2063 703 2141 γὰρ
724 2062 907 2139 περίπυστον
922 2060 1088 2140 ἀμωμήτοιο
1103 2065 1251 2142 γυναικός.

155 2165 300 2227 Incertus
322 2163 353 2227 in
371 2162 509 2228 Bruuck.
524 2161 622 2227 Anal.
640 2162 700 2227 vol.
715 2183 745 2248 3.
761 2186 794 2249 p.
813 2164 886 2248 158.
906 2163 994 2230 Εἶδος
1014 2165 1071 2244 μὲν
1093 2167 1151 2246 γὰρ
1173 2166 1252 2246 ἄμο-

152 2291 219 2346 μον,
243 2264 288 2329 ἐπ’
304 2268 417 2345 ὄμμασι
439 2263 463 2328 δ’
486 2268 506 2329 ἀ
527 2265 691 2345 περίσαμος
705 2267 808 2331 Attus.
847 2265 946 2329 Haud
968 2266 1030 2329 alio
1051 2288 1142 2330 scnsu
1158 2265 1252 2331 Calli·

153 2369 252 2432 mach.
269 2367 341 2432 Del.
360 2387 409 2451 19.
430 2365 472 2430 ‘H
487 2365 511 2431 δ’
527 2368 632 2431 ὄπιθεν
646 2367 797 2431 Φοίνισσα
817 2366 879 2447 μετ’
895 2370 978 2451 ἴχνια
1001 2370 1114 2447 Κύρνος
1136 2370 1251 2448 ὀπηδεῖ,

153 2472 216 2536 Οὐκ
231 2471 330 2551 ὀνοτή.
354 2470 486 2558 Dionys.
499 2468 621 2555 Perieg.
635 2469 709 2554 839.
722 2469 769 2533 ot
782 2472 842 2548 μὲν
857 2469 925 2533 οὐδὲ
939 2475 1081 2551 γυναῖκας
1095 2471 1250 2550 ὀνόσσεαι,

152 2573 173 2638 i.
188 2599 214 2638 e.
229 2576 270 2638 ob
286 2573 528 2661 pulchritudinis
541 2571 710 2636 defectum.
734 2571 911 2636 BLOMF.
947 2572 1055 2657 θμθμιρ
1070 2571 1147 2635 Ald.
1165 2572 1250 2636 Rob.

198 2674 375 2762 κασιγνήτα]
393 2702 437 2757 γρ.
454 2674 621 2755 κασιγνήτω
635 2672 667 2736 in
685 2674 723 2736 Β.

198 2774 360 2857 κασιγνήτα
381 2775 487 2857 γίνους
507 2774 630 2858 ταύτοῦ]
656 2771 838 2848 Scholiasta,
853 2769 992 2853 Ἀνδρων
1013 2773 1030 2835 ὁ
1051 2769 1251 2855 Ἁλικαρνασ-

152 2877 223 2943 σεὺς
248 2878 323 2958 φησί
351 2878 405 2941 τὸν
430 2877 581 2942 Ὠκεανὸν
611 2881 702 2958 γῆμαι
731 2876 941 2957 Πομφολύγην
967 2875 1015 2937 καὶ
1041 2880 1250 2957 Παρθενόπην.

153 2986 242 3062 σχεῖν
257 2981 300 3057 δὲ,
315 2981 348 3042 ἐκ
359 2981 416 3059 μὲν
430 2982 627 3061 Παρθενόπης
641 2979 786 3061 Εὐρώπην
804 2979 852 3042 καὶ
868 2978 1003 3060 Θράκην,
1020 2979 1054 3041 ἐκ
1071 2980 1104 3040 δὲ
1125 2984 1252 3062 Πομφο-

152 3083 254 3162 λθγης,
269 3080 378 3146 Ἀσίαν
393 3083 441 3145 καὶ
455 3084 583 3162 Λιβύην,
598 3081 650 3163 ἀφ’
666 3084 709 3146 ὧν
722 3086 775 3149 τὰς
795 3082 933 3163 ἠπείρους
954 3084 1158 3162 ὀνομασθῆναι
1178 3109 1252 3163 συμ·

151 3183 275 3264 βέβηκε.
314 3185 394 3247 Haec
410 3186 545 3248 Tzetzes
566 3184 607 3248 ad
631 3185 791 3270 Lycophr.
808 3183 998 3270 compilavit,
1013 3197 1044 3246 et
1059 3184 1204 3247 Eudocia
1218 3183 1251 3246 in

151 3285 288 3349 Violario
310 3309 341 3370 p.
360 3306 435 3370 439.
473 3284 599 3349 Citatur
619 3282 758 3365 Ἀυδρων
781 3285 798 3346 ὁ
821 3282 1078 3363 Ἁλικαρνασσεὺς
1099 3307 1150 3370 ap.
1175 3284 1253 3347 Plu-

150 3387 301 3451 turchin
324 3387 460 3449 Theseo.
498 3384 645 3449 Eundem
668 3384 764 3447 fuisse
785 3399 865 3469 puto
887 3406 958 3447 cum
976 3382 1041 3459 illo,
1060 3384 1151 3468 cujus
1172 3384 1253 3448 liber

149 3491 217 3570 περὶ
233 3491 352 3552 Πόντου
374 3486 521 3550 laudatur
541 3508 560 3550 a
575 3485 738 3549 scholiasta
753 3482 916 3568 Apollonii
933 3502 963 3560 α,
979 3486 1053 3567 948.
1072 3486 1124 3549 ubi
1141 3486 1251 3551 distin·

150 3592 260 3676 guitur
282 3591 321 3654 ab
338 3588 491 3654 Androne
511 3589 594 3653 Teio
617 3587 687 3674 (qui
710 3586 849 3651 fortassis
870 3586 951 3651 idern
973 3587 1068 3651 fuerit
1087 3612 1123 3653 ac
1138 3590 1254 3656 Andro

152 3690 321 3778 Ephesius,
337 3692 377 3755 de
399 3715 464 3778 quo
485 3690 550 3755 vid.
565 3691 657 3755 Jons.
683 3689 767 3754 Hist.
785 3689 896 3777 Script.
914 3690 1032 3754 Philos.
1052 3713 1080 3770 r,
1098 3693 1154 3775 8.).
1172 3694 1250 3780 My.

151 3792 309 3877 thologica
337 3793 484 3878 quaedam
508 3816 548 3856 ex
573 3792 728 3856 Androne
751 3791 887 3857 citantur
914 3815 934 3855 a
955 3792 1052 3856 schol.
1079 3794 1186 3857 Venct.
1210 3793 1252 3859 ad

153 3894 245 3958 Iliad.
262 3902 299 3958 A.
315 3913 367 3980 52.
384 3897 526 3984 Etymol.
545 3899 596 3960 M.
619 3919 649 3982 p.
666 3898 739 3980 655,
755 3911 787 3980 5.
812 3918 885 3981 quae
907 3918 945 3959 ex
968 3896 1075 3959 eodem
1096 3894 1177 3958 libro
1199 3896 1253 3960 de·

151 4014 255 4061 sumta
276 4014 360 4075 sunt,
376 3999 432 4084 qui
455 3998 634 4062 nominatur
651 3996 797 4076 Ἐπιτομὴ
818 3997 886 4077 περὶ
906 4002 1094 4078 Συγγενειῶν
1115 4018 1135 4060 s
1156 3997 1252 4063 schol.

151 4100 312 4188 Apollonii
346 4121 375 4177 1,
401 4121 453 4185 45.
500 4099 570 4164 Vid.
602 4101 724 4162 Meurs.
753 4097 794 4161 ad
828 4096 977 4184 Apollou.
1009 4098 1108 4183 Dysc.
1140 4119 1172 4182 p.
1199 4119 1251 4184 94.

154 4204 328 4267 BLOMF.

197 4308 269 4389 189.
292 4302 421 4387 τεύχειν]
440 4330 488 4385 γρ.
505 4308 614 4386 τεῦχον
629 4303 668 4365 Β.
690 4302 809 4384 τεύχειν
822 4324 881 4388 pro
895 4301 1019 4384 ἔτευχον
1033 4300 1166 4379 dictum,
1181 4301 1252 4369 infi-

153 4406 250 4472 nitivo
265 4406 305 4470 ad
322 4403 519 4493 parenthesin
535 4404 642 4481 relato,
658 4402 749 4488 cujus
763 4401 999 4467 constructionis
1012 4401 1156 4488 exempla
1169 4419 1253 4469 attu-

149 4509 188 4574 lit
203 4508 409 4573 Blomfieldus
430 4529 470 4571 ex
491 4505 550 4570 huc
572 4505 680 4571 tabula
693 4525 722 4568 v.
738 4506 814 4590 564.
832 4507 923 4569 τυτθᾶ
944 4501 969 4568 δ’
986 4506 1131 4586 ἐκφυγεῖν
1150 4505 1252 4569 ἄνακτ’
1366 4560 1371 4569 .
