2978 5062
188 337 233 399 84
546 285 925 398 ANNOThTIONES

191 511 353 597 Aristoph.
377 511 516 574 Acharn.
534 528 605 591 704.
631 510 716 572 Plut.
732 509 818 571 Mor.
839 529 872 593 p.
891 525 982 592 1043.
1006 505 1156 570 Proverb.
1170 505 1244 569 Vst.
1255 524 1289 588 3,

190 634 242 699 39.
261 613 445 698 [Bodleiana
456 635 508 698 ap.
521 610 679 676 Gaisford.
695 632 727 695 p.
744 610 829 693 103.]
845 607 991 672 Curtium
1005 627 1036 690 7,
1046 628 1100 693 33.
1118 606 1287 670 STANL.

233 735 264 799 3.
290 714 576 800 Interpunctionem
603 711 635 775 in
661 710 849 775 editionibus
874 708 1104 794 antiquioribus
1130 729 1192 770 non
1218 723 1290 792 post

191 818 323 897 ἐρημίαν,
339 815 393 879 sed
408 829 478 902 post
486 814 643 896 Ἥφαιστε
656 812 786 899 positam
802 809 936 875 correxit
953 809 1141 895 Stephanus.

234 917 408 1000 ἐπιστολάς]
434 919 496 980 Ρει·
515 914 639 980 ἐντολάς
656 928 688 977 et
709 911 851 994 ἐπιταγάς
869 934 908 975 ex
929 910 961 973 h.
983 909 1003 974 l.
1026 910 1163 996 explicat
1184 912 1291 996 Hesy-

189 1015 279 1079 chius
292 1032 322 1081 et
336 1016 411 1080 citat
426 1014 614 1080 Eustathius
636 1037 667 1100 p.
684 1032 736 1097 29,
755 1027 803 1097 15.
829 1012 945 1076 Vitiose
960 1010 1037 1075 ald.
1053 1024 1084 1075 et
1105 1035 1178 1096 pars
1199 1011 1287 1074 codi-

190 1140 261 1181 cum
278 1117 424 1184 ἑπιτολάς.
446 1117 628 1181 Ἐπιπολὰς
641 1113 731 1178 metri
743 1136 851 1177 caussa
866 1137 924 1199 pro
935 1114 1074 1180 ἐπιτολάς
1088 1113 1208 1177 dictum
1222 1136 1291 1176 esse

191 1219 327 1282 Thomae
351 1220 400 1282 M.
421 1231 632 1282 commentum
655 1229 701 1278 est
727 1238 751 1278 s.
770 1239 799 1276 v.
825 1214 1018 1293 ἐνετειλάμην
1044 1238 1074 1300 p.
1095 1232 1167 1291 121,
1188 1217 1217 1278 6.
1238 1214 1290 1278 ed.

193 1320 316 1384 Ritsch.

234 1439 266 1506 5.
296 1420 446 1503 λεωργὸν]
480 1420 610 1503 Ineptas
638 1416 788 1502 quasdam
818 1417 1039 1503 explicationes
1070 1417 1293 1502 excogitarunt

191 1521 364 1585 scholiastae
378 1542 473 1605 prava
486 1516 674 1603 etymologia
687 1517 820 1604 decepti,
835 1518 915 1580 iuter
929 1540 1009 1603 quas
1025 1517 1079 1582 ilia
1093 1541 1223 1604 quoque
1234 1535 1292 1595 est,

192 1623 245 1686 τὸν
268 1623 336 1687 τοὺς
356 1621 449 1686 λαοὺς
474 1619 690 1700 ἐργασάμενον,
715 1619 809 1699 ἤγουν
833 1619 867 1681 τδ
894 1625 951 1681 τῶν
977 1621 1141 1700 ἀνθρώπων
1165 1624 1291 1698 πλῆθος·

192 1725 277 1789 οὗτος
296 1725 353 1804 γὰρ
374 1724 531 1801 μυθεύεται
551 1721 667 1785 πλάσαι
688 1721 742 1783 τὸν
761 1722 926 1802 ἄνθρωπον
949 1744 1044 1806 quam
1065 1721 1293 1809 Etymoiogieo

193 1825 243 1886 M.
267 1829 389 1909 p.563,
407 1842 455 1885 10.
475 1822 581 1885 intulit
601 1821 802 1884 Turrisanus.
848 1821 980 1886 Fabulae
1002 1822 1042 1886 de
1068 1822 1251 1887 hominibus
1273 1846 1293 1886 a

194 1924 384 1989 Prometheo
397 1946 435 1987 ex
456 1922 524 1986 luto
537 1923 617 1986 fictis
639 1922 787 1985 rationem
810 1944 873 1985 non
896 1921 1007 1987 hahuit
1021 1923 1208 2010 AEschylus,
1223 1947 1292 2001 nec,

194 2021 402 2095 sihabuisset‚
419 2021 478 2085 hoc
499 2021 672 2107 significatu
688 2025 824 2103 λεωργάν
838 2022 979 2100 dixisset,
993 2025 1079 2110 quod
1103 2022 1181 2087 nihil
1203 2022 1291 2088 aliud

193 2144 375 2208 essequam
397 2127 564 2203 πανοῦργος
587 2120 633 2185 vel
657 2128 816 2204 κακοῦργος
837 2140 980 2189 constans
1002 2123 1190 2211 scriptorum
1216 2148 1294 2189 usus

193 2223 295 2287 docet.

238 2327 269 2387 6.
284 2326 489 2403 ἀδαμαντίνων
503 2328 620 2402 δεσμῖιν
635 2325 669 2387 έν
680 2323 832 2404 ἀρρήκτοις
846 2324 962 2409 πέδαις]
980 2328 1191 2404 ἀδαμαιπίναις
1204 2327 1295 2407 πέδη-

195 2450 246 2488 σιν
261 2428 295 2488 έν
309 2425 460 2505 ἀρρήκτοις
474 2424 594 2504 πέτραις
609 2422 685 2487 ΑΙά.
700 2425 909 2489 consentiente
924 2427 973 2488 M.
989 2426 1162 2513 ceterisque
1179 2427 1295 2492 codici-

195 2526 267 2600 bus,
282 2525 338 2587 nisi
353 2525 438 2609 qood
453 2524 485 2586 in
501 2524 687 2610 quibusdam
707 2527 903 2611 ἀδαμαντίνῃς
923 2526 1050 2612 πέδῃσιν
1066 2526 1114 2590 vel
1129 2531 1293 2609 ἀδαμαντί-

196 2650 261 2690 νοις
274 2625 412 2687 πέδαισιν
426 2625 589 2710 scriptum,
603 2624 634 2686 in
650 2625 718 2688 aliis
732 2628 766 2690 ἐν
779 2626 927 2689 omissum
942 2643 997 2691 est.
1025 2628 1109 2693 Cum
1127 2629 1205 2693 ald.
1220 2653 1295 2693 con-

171 2714 175 2721 *
195 2724 289 2786 sentit
300 2724 394 2787 etiam
409 2725 494 2787 Rob.
510 2724 568 2786 nisi
578 2724 664 2809 quod
679 2724 782 2792 πέδαις
792 2748 850 2811 pro
863 2727 990 2806 πέδῃσιν
1003 2729 1142 2793 exhibet.
1175 2731 1292 2795 Veram

195 2823 291 2886 totius
319 2846 425 2888 versus
449 2825 632 2910 scripturam
658 2848 697 2888 ex
721 2825 884 2891 scholiasta
906 2829 1130 2916 Aristophanis
1155 2833 1295 2897 restituit

197 2926 361 2988 Canterus.
395 2927 583 2990 Perturbata
597 2925 687 2990 lectio
702 2927 763 2990 fuit
777 2929 889 2992 veteris
903 2953 1009 2995 errore
1021 2931 1150 3011 librarii,
1165 2935 1222 3021 qui
1238 2937 1294 3000 πέ-

194 3049 278 3105 τραις
298 3047 355 3110 pro
368 3026 470 3093 πέδαις
490 3027 660 3113 scripserat,
676 3028 762 3113 quod
784 3030 983 3114 postmodum
998 3030 1031 3096 in
1048 3034 1190 3120 margine
1209 3037 1294 3122 posi-

195 3139 264 3188 tum
279 3125 320 3189 ab
332 3126 399 3189 aliis
411 3127 451 3190 ad
467 3133 583 3208 δεσμῶν
596 3145 643 3192 est
657 3128 788 3192 relatum
802 3152 934 3216 eamque
947 3133 989 3197 ob
1004 3157 1144 3199 caussam
1159 3138 1295 3217 ἀδαμαν-

196 3226 289 3292 τίνοις
301 3226 521 3314 interpoiatum
536 3230 634 3314 ejecto
648 3236 775 3310 δεσμῶν.

241 3342 271 3406 7.
285 3330 453 3412 παντέχνου
467 3330 558 3410 πυρὸς
572 3331 680 3415 σέλας]
699 3333 813 3395 Omnes
824 3342 909 3396 ortes
919 3335 957 3395 in
971 3356 1004 3397 ιι
1018 3336 1175 3402 habentis.
1199 3343 1296 3404 Conf.

199 3448 228 3487 v.
242 3447 311 3490 110.
329 3447 400 3514 254.
424 3431 597 3495 BLOMF.

245 3544 293 3590 12.
316 3531 403 3612 σφῷν
426 3527 613 3592 Bruuckius.
646 3535 745 3610 σφῶϊν
759 3530 807 3594 vel
823 3539 922 3613 σφῶιν
936 3534 1058 3599 codices
1077 3551 1109 3601 et
1128 3539 1203 3604 edd.
1219 3557 1298 3608 vett.

198 3622 248 3686 hic
262 3641 294 3688 et
307 3627 391 3703 alibi,
403 3629 581 3713 pariterque
596 3637 667 3694 νῶϊν
681 3631 727 3693 vel
744 3638 824 3695 νῶιν.
864 3637 915 3698 De
929 3659 995 3720 quo
1010 3639 1105 3703 semel
1120 3663 1297 3710 monemus.

409 3748 427 3776 1
454 3746 466 3777 5

245 3808 293 3873 ¹5·
309 3792 397 3878 πρὸς]
421 3731 456 3875 iit
480 3793 529 3855 M.
562 3796 684 3880 πρόςτῄ
701 3796 785 3860 Rob.

249 3908 294 3967 16.
309 3914 432 3989 σχεθεῖν
446 3907 623 3973 Elmsleius.
664 3911 752 3975 Libri
768 3915 899 3997 σχέθειν.

248 4036 296 4096 17.
320 4023 497 4105 ἐξωριάζειν]
523 4028 713 4112 Hesychius,
740 4032 923 4111 εὐυριάζεινι
947 4041 1118 4122 ὀλιγωρεῖν,
1146 4047 1188 4125 μὴ
1215 4050 1302 4132 ἔχειν

200 4122 352 4195 φροντίδα,
364 4129 552 4200 παρακούειν.
574 4134 730 4209 Σοφοκλῆς
745 4135 779 4196 έν
790 4139 925 4215 Σκυρίοις
938 4145 1045 4222 χρῆται
1060 4147 1103 4229 τῷ
1117 4148 1301 4228 εὐωριάζειν.

201 4214 343 4294 Photius,
359 4221 540 4300 εδωριάζεινι
565 4229 785 4307 ἀφροντιστεῖν,
806 4240 880 4300 κατὰ
899 4240 1089 4322 ἀντίφρασιν·
1113 4248 1178 4329 ἀρα
1199 4255 1261 4333 γὰρ
1283 4255 1303 4333 ἡ

201 4319 333 4394 φροντίς.
359 4319 411 4380 Ex
427 4322 618 4408 Etymologo
631 4349 662 4410 p.
678 4349 753 4406 401,
768 4350 821 4415 37.
836 4335 984 4404 discimus
997 4367 1052 4407 eos
1064 4345 1183 4414 ironice
1196 4352 1302 4418 dictos
