2978 5062
189 347 255 411 104
552 344 929 413 ANNOTATIONES

234 515 306 580 801.
322 515 449 599 ramiro]
468 520 603 580 τοιοῦτον
616 529 769 601 quattuor
781 515 873 581 oodd.
888 529 920 581 et
934 512 1013 578 Ald.

231 615 386 699 φρούριον]
416 615 557 701 Hesych.
586 620 745 699 Φρούριον·
781 620 995 700 προφθλογμα,
1017 616 1291 700 προφυλακτήριονι

191 717 258 781 Ηὶυ
274 739 350 781 vero
371 718 513 799 φρούριον
531 719 619 804 quod
640 719 719 783 vites
740 743 783 784 sc.
827 719 1013 784 scholiastes
1034 721 1079 782 A.
1101 719 1287 801 καταγωγὴν,

189 819 228 900 ἦν
241 822 377 902 ὀφείλεις
390 819 592 902 φυλάξασθαι.
616 822 741 885 STAN
743 821 784 885 L.

235 924 309 1008 803.
324 921 693 1005 ὀξυστόμους-φύλαξαι]
714 922 811 986 Solin.
822 945 851 986 c.
865 941 915 1007 13.
937 924 981 986 Im
995 921 1140 986 Asiatica
1153 921 1290 1008 Scythia

190 1034 286 1091 ttrroe
305 1034 383 1090 ruat
404 1025 578 1112 Ισυυρῑαιιο,
596 1024 816 1088 inhabitabiles
837 1033 953 1102 tamen,
966 1045 1042 1087 nam
1063 1046 1133 1087 cum
1155 1046 1237 1088 auro
1259 1034 1289 1088 et

186 1129 325 1215 gamm
339 1127 485 1213 (affluant,
504 1127 627 1213 Gryper
641 1135 745 1191 tament
759 1128 922 1203 universa,
937 1125 1029 1189 aliter
1029 1127 1246 1210 ferocissima
1259 1135 1289 1189 et

191 1229 279 1295 altra
292 1250 412 1292 omnem
426 1230 545 1294 rabiem
564 1231 739 1307 soeuiemtrr,
753 1249 890 1316 quartum
909 1229 1109 1291 immanitate
1125 1227 1291 1290 obsistente

190 1334 237 1394 ad
250 1352 347 1396 vemas
359 1332 473 1395 divites
490 1351 631 1395 accersas
646 1330 783 1416 difficilis
799 1351 837 1394 aa
857 1351 955 1393 rama
975 1337 1045 1401 est,·
1067 1330 1184 1414 quippe
1205 1330 1290 1392 viror

192 1433 386 1518 discerpunt,
400 1432 499 1496 velati
516 1434 622 1518 geniti
637 1433 680 1495 ad
696 1432 890 1518 plectendum
904 1432 1055 1494 avaritia
1075 1431 1289 1494 temeritatem.

192 1537 282 1597 Aves
304 1555 442 1619 rapaces,
461 1533 569 1618 quales
588 1532 737 1619 Gryphes
758 1555 886 1619 quoque
906 1555 973 1597 esse
993 1530 1184 1609 ferebantur,
1203 1532 1291 1598 κύνας

193 1633 269 1697 dicit
286 1632 467 1718 AEschylus,
490 1646 527 1697 ut
547 1632 685 1719 aquilam
704 1655 735 1698 v.
746 1650 839 1700 1021.
862 1630 974 1711 πτηνὸν
993 1632 1067 1700 Διὸς
1089 1633 1171 1706 ntia,
1194 1655 1290 1718 porro

194 1736 342 1815 ἀκραγεῖς,
368 1743 481 1812 matos,
503 1756 567 1797 aon
591 1734 767 1807 latrantem
799 1733 936 1820 denique
965 1736 1145 1814 ὀξυστόμους
1157 1762 1166 1809 ;
1197 1750 1291 1798 acuta

194 1834 275 1899 euim
291 1851 323 1899 et
337 1835 459 1899 adunca
473 1849 571 1898 rostra
584 1834 621 1897 iis
636 1833 829 1900 tribuuntur.
854 1836 956 1900 scH.

238 1935 393 2021 ἇκραγεῖς]
410 1938 568 2018 ἆκραγμεῖς
581 1935 647 1999 duo
659 1935 750 1999 codd.
766 1951 798 2000 et
812 1937 893 2001 Ald.

238 2040 310 2115 804.
326 2043 439 2119 γρῦπας
453 2037 630 2102 Elmsleius.
653 2038 767 2119 γρθπας
780 2037 861 2102 libri.

238 2138 385 2224 φύλαξαι]
403 2137 542 2223 φύλαξον
558 2140 641 2203 Rob.

237 2245 291 2307 τόν
312 2268 345 2306 τε
364 2249 505 2323 μουνῶπα
527 2242 669 2324 στρατὸν]
692 2240 932 2327 Arimasporum
955 2240 1091 2304 historiae
1113 2256 1176 2305 tres
1197 2239 1294 2304 libros

194 2343 330 2408 carmine
349 2343 524 2430 composuit
539 2345 680 2407 Aristeas
695 2340 933 2417 Proconnesius,
948 2364 1055 2426 quern,
1071 2341 1103 2405 ni
1125 2341 1293 2429 suppositi-

196 2446 274 2510 tium
299 2468 380 2532 opus
404 2445 510 2520 luerit,
533 2460 628 2532 prout
650 2445 743 2508 sentit
767 2442 938 2527 Dionysius
961 2443 1064 2506 Halic.
1087 2458 1119 2506 et
1143 2444 1301 2529 suspicari,

195 2547 321 2610 videtur
336 2546 502 2630 Longinus
516 2548 583 2626 περὶ
602 2548 697 2627 ὕψους
710 2568 737 2609 c.
753 2545 782 2608 8.
803 2558 928 2607 secutus
949 2559 996 2608 cst
1018 2544 1049 2607 in
1073 2544 1155 2608 hisce
1177 2545 1291 2610 descri-

195 2647 307 2710 bendis
324 2645 515 2732 AEschylus:
539 2662 625 2710 extat
646 2646 728 2709 enim
751 2644 837 2708 baud
858 2644 998 2708 absimile
1019 2646 1230 2732 fragmentum
1253 2671 1292 2711 ex

201 2746 390 2832 Arimaspeis
404 2747 489 2832 apud
504 2748 659 2809 «Ioannem
676 2748 839 2825 Taetzem,
855 2744 939 2810 Chil.
957 2761 988 2827 7.
1004 2746 1075 2810 hist.
1091 2768 1161 2828 144.

324 2894 458 2972 Ἰσοηδοὶ
472 2896 611 2977 χαίτῃσιν
626 2896 830 2976 ἀγαλλόμενοι
845 2900 972 2983 ταναῇσι

326 2998 377 3059 καί
389 3005 470 3079 σφας
485 2997 656 3076 ἀνθρώπους
672 2997 748 3060 εἶναι
762 2999 945 3078 καθύπερθεν
959 2999 1112 3078 ὁμούρους,

325 3097 399 3177 πρὸς
413 3096 523 3179 Βορέω,
540 3099 674 3164 πολλούς
687 3124 719 3162 τε
736 3099 783 3162 καὶ
799 3098 935 3172 ἔσθλονς,
953 3098 1045 3181 κάρτα
1058 3105 1201 3184 μαχητὰς,

327 3200 467 3280 loretum
482 3201 606 3272 irrotat,
623 3201 818 3281 πολύρρηνος,
832 3202 1029 3281 πολυβοθτας·

326 3302 486 3382 ὀφθαλμὸν
501 3299 525 3364 δ’
540 3298 581 3365 ἔν’
598 3301 722 3368 ἕκαστος
737 3302 802 3384 ἔχει
815 3302 949 3384 χαρίεντι
963 3301 1086 3384 μετώπῳ

326 3405 464 3485 χαίτῃσιν
478 3403 592 3482 λάσιοι,
608 3402 728 3466 πάντων
743 3404 959 3484 στιβαροίτατοι
974 3403 1099 3483 ἀνδρῶν.

198 3551 320 3616 Plinius
333 3552 425 3616 etiam
441 3575 505 3617 uno
518 3554 605 3617 oculo
618 3554 653 3616 ia
668 3553 770 3616 media
771 3554 889 3637 fronte
903 3552 1039 3639 insigues
1050 3553 1155 3618 tradit.
1171 3553 1296 3619 Gellius

199 3655 303 3739 (Nn.
315 3673 345 3736 9,
357 3656 421 3735 4):
445 3655 518 3717 item
533 3655 750 3717 machomitae
764 3655 822 3717 ςυθ
836 3655 942 3717 eadem
957 3657 1088 3741 regione
1101 3656 1182 3733 coeli,
1193 3679 1294 3721 unum

195 3758 317 3821 amalum
332 3756 500 3840 infroutis
515 3755 615 3817 medio
635 3755 791 3832 labantes,
811 3758 866 3842 qui
886 3757 1089 3842 appellantur
1103 3759 1269 3846 Arimaspi
1282 3785 1293 3832 ,-

196 3858 471 3946 quafitissasacie
487 3856 640 3942 Cyclrpas
647 3865 750 3942 poeta
757 3859 883 3939 ferunt.
928 3860 973 3921 Et
988 3859 1102 3922 Strabo
1117 3861 1293 3945 Cyclopum

197 3959 335 4023 fabulam
350 3957 409 4020 hoc
423 3970 549 4044 arrepto
562 3972 748 4042 argumento
762 3982 779 4021 e
796 3958 926 4044 Scythia
937 3958 970 4021 in
988 3958 1143 4023 Graeciam
1159 3959 1294 4025 delatam

197 4075 289 4145 putat
310 4058 364 4123 lib.
386 4079 410 4123 ι.
443 4058 631 4123 Eustathius
654 4058 759 4145 prodit
781 4059 811 4122 in
838 4059 966 4146 Dionys.
989 4084 1117 4142 περιημ,
1140 4084 1193 4125 eos
1213 4062 1296 4127 inter

198 4160 409 4246 sagittandum
424 4159 557 4225 alterum
572 4160 698 4224 oculum
714 4161 819 4224 solitos
832 4184 897 4224 esse
911 4160 1065 4239 claudere,
1080 4184 1153 4247 quae
1167 4186 1295 4228 cousue-

198 4261 277 4327 tudo
293 4261 416 4324 tandem
431 4261 464 4324 in
480 4276 623 4326 naturam
639 4262 804 4326 transierit.
833 4264 886 4325 Ex
902 4262 960 4325 hoc
976 4261 1052 4325 vitio
1067 4285 1177 4326 nomen
1194 4264 1295 4331 haesit.

196 4362 304 4445 Ἀριμα
318 4362 400 4426 enim
414 4363 523 4450 lingua
539 4362 685 4449 Scythica
700 4386 800 4427 unum
815 4363 977 4450 significat,
990 4388 1069 4428 σπου
1081 4367 1204 4429 ocultam
1216 4382 1294 4432 teste

198 4463 363 4531 Herodoto
376 4481 410 4546 4,
424 4479 475 4547 27.
499 4462 686 4529 Eustathius
699 4462 798 4543 aliter,
814 4485 925 4550 nempe
936 4465 984 4547 θρι
999 4487 1097 4530 unum
1110 4478 1141 4532 et
1155 4469 1293 4548 μου-ποὺς
