2978 5062
320 370 388 435 AD
412 371 603 436 SEPTEM
629 371 873 436 ADVERSUS
898 374 1099 438 THEBAS.
1195 370 1258 440 167

205 556 278 624 357.
294 539 368 625 358.
387 539 591 604 Scribendum
610 562 673 604 uno
688 563 779 604 versu

248 664 437 733 armatarus
451 667 484 729 δὲ
499 665 610 747 καρπός
623 663 750 749 χαμάδις
764 667 866 730 πεσὸν
880 667 1014 748 ἀλγύνει·

163 813 266 879 deleto
278 816 365 901 quod
379 837 419 877 ex
433 816 617 899 glossemate
631 815 755 903 irrepsit
770 815 907 895 κυρήσας.

205 934 225 999 5
227 930 281 1000 57.
303 915 506 1002 παντοδαπὸς]
523 917 710 996 παντοδαπῆς
731 916 851 1001 aliquot
865 914 955 978 codd.
992 914 1095 979 Schol.
1112 917 1149 979 Β.
1165 923 1259 990 σῖτος,

165 1016 258 1097 κριθὴ,
275 1016 409 1098 κέγχρος,
425 1015 511 1080 πάνθ’
528 1019 602 1097 όμοὺ
614 1016 760 1099 χρήματα.

208 1133 285 1202 359.
305 1116 412 1197 πικρδν
426 1115 450 1180 δ’
466 1118 546 1197 ὄμμα
560 1123 618 1181 τῶν
633 1119 866 1202 θαλαμηπόλων]
886 1120 1093 1197 θαλαμηπόλοι
1115 1118 1147 1181 lt.
1163 1118 1183 1181 l.
1198 1141 1261 1183 nou

166 1231 239 1282 sunt
253 1218 463 1295 οιιδὶαιίατὶσ,
479 1217 532 1281 sed
547 1219 693 1296 cellario,
705 1241 809 1305 pertua
825 1225 1068 1304 procuratrices,
1081 1218 1183 1305 qualis
1196 1237 1263 1286 erat

167 1318 327 1406 Euryclea
351 1320 383 1383 iu
413 1319 508 1384 domo
533 1320 657 1406 Ulyssis
685 1320 772 1406 apud
801 1322 988 1384 Homerum.
1020 1319 1153 1399 θάλαμος
1180 1322 1262 1386 euim

167 1421 324 1486 interdum
338 1423 446 1489 allam
453 1426 689 1509 promtuarium
705 1421 867 1508 significat.
907 1422 1032 1485 Harum
1048 1421 1145 1508 igitur
1160 1424 1264 1489 tristia

168 1532 199 1587 et
211 1523 342 1588 αονπὺιις
357 1524 463 1591 vuum
478 1547 543 1586 ease
557 1521 681 1600 dicitur,
697 1544 769 1586 cum
782 1522 888 1586 vident
906 1522 1074 1600 frumenta,
1091 1524 1172 1602 vina,
1188 1525 1264 1590 alla·

169 1648 232 1711 que
246 1624 277 1689 id
289 1647 390 1712 genus
401 1647 518 1711 penora
531 1647 588 1711 per
603 1646 756 1688 summam
777 1623 912 1687 hostium
928 1624 1097 1710 nequitiam
1120 1627 1209 1713 perdi
1228 1650 1265 1692 ac

169 1725 338 1813 profligari.
362 1728 463 1793 scH.
503 1732 562 1789 τῶν
587 1748 626 1788 ex
651 1747 749 1810 prava
774 1723 894 1788 illatum
921 1726 1099 1810 conjectura
1118 1728 1264 1807 Arnaldi‚

169 1827 225 1915 qui
247 1851 309 1892 non
332 1828 592 1894 animadverterat
606 1827 686 1891 duaa
707 1841 777 1913 post
792 1828 871 1906 ὄμμα
886 1826 933 1890 vel
952 1842 1013 1892 tres
1032 1829 1180 1894 excidisse
1199 1831 1264 1919 syl·

169 1927 266 2009 labus,
342 2015 446 2099 πικρὸν
461 2017 485 2080 δ’
500 2013 567 2096 ὄμμ’
584 2053 604 2078 ο
619 2053 641 2062 -
654 2052 675 2062 -
691 2017 921 2094 θαλαμηπόλων.

214 2159 291 2243 360.
307 2160 423 2244 πολλδ]
440 2159 540 2237 πολλὴ
558 2158 641 2222 Rob.
657 2159 760 2221 Turn.

214 2259 511 2346 πολλδ-φορεῖται]
542 2260 711 2343 Multoque
740 2267 835 2321 ταντα
865 2279 998 2321 munero
1024 2263 1201 2344 promimur
1230 2263 1266 2324 ιἰι

159 2363 285 2448 fluvios
299 2361 430 2445 αέῇτοια,
444 2362 611 2423 inutilibus
625 2360 733 2437 undio,
748 2361 803 2423 ubi
820 2360 938 2421 nemini
954 2362 1104 2446 prodesse
1120 2373 1267 2448 potsunt,

172 2463 379 2548 afferrentur.
402 2464 542 2527 οὑτιδανδ
562 2458 648 2543 ῥόθια
669 2461 713 2524 sic
735 2460 796 2524 dici
818 2460 974 2534 videntur,
999 2461 1145 2547 quoniam
1166 2464 1203 2527 iis
1220 2487 1269 2530 res

171 2564 213 2628 ad
245 2563 361 2631 victum
392 2563 570 2629 necessariae
598 2578 843 2649 corrumpuntur
871 2576 902 2627 et
931 2562 1052 2627 inutilia
1080 2564 1268 2633 redduntur.

216 2771 290 2853 361.
315 2772 370 2850 γᾶς
391 2765 486 2852 δόσις]
513 2767 552 2829 In
570 2769 686 2852 Agam.
705 2768 799 2830 1016.
815 2763 973 2830 πολλότοι
992 2766 1074 2835 δόσις
1094 2770 1128 2832 έκ
1142 2770 1216 2836 Διὸς
1229 2768 1270 2835 de

174 2870 332 2934 frumento
344 2868 469 2932 dicitur.
493 2868 666 2932 BLOMF.

217 2974 293 3056 362.
307 2971 417 3053 ῥοθίοις
431 2972 494 3036 duo
508 2966 601 3033 codd·
624 2971 751 3049 ῥοθίοισι
765 2969 835 3033 libri
851 2969 974 3057 reliqui.

217 3076 292 3157 363.
308 3073 533 3155 καινοπήμονες]
552 3070 763 3151 κοινοπήμονες
778 3073 862 3135 Rob.

217 3179 292 3260 364.
328 3171 450 3253 τλήμον’
492 3173 706 3237 Hermannus.
752 3173 897 3253 τλήμονες
937 3171 1017 3239 libri.
1065 3174 1269 3240 Scribendum

176 3274 309 3357 τλάμον’.

218 3381 293 3462 365.
316 3375 423 3457 ἀνδρὸς
445 3376 649 3458 α’πνχοῦντος,
665 3376 703 3441 ὣς
725 3380 887 3454 δυσμενοῦς
904 3372 1078 3456 ὑπερτέρου]
1102 3374 1210 3438 Verba
1223 3375 1270 3438 in-

177 3476 338 3565 terpolata.
378 3476 584 3541 Desideratur
612 3475 742 3539 verbum
772 3475 910 3561 aliquod,
935 3499 1000 3561 quo
1029 3475 1271 3561 praecedentium

177 3601 323 3644 versuum
339 3577 491 3643 sententia
504 3575 684 3641 absolvatur
698 3591 729 3640 et
743 3577 929 3642 cohaerentia
945 3599 1016 3641 cum
1040 3576 1189 3663 proximis
1204 3599 1273 3641 ver·

175 3682 262 3745 sibus
274 3681 468 3755 restituatur,
484 3678 515 3742 iu
530 3679 647 3765 quibus
662 3681 801 3761 νύκτερον
815 3682 903 3746 τέλος
924 3678 974 3743 alii
990 3678 1030 3742 de
1046 3680 1174 3743 Veneris
1188 3702 1273 3766 mys·

176 3783 271 3860 teriia,
286 3782 337 3846 alii
352 3782 393 3846 de
408 3796 506 3845 morte
520 3780 747 3846 intellexeruut.

218 3888 293 3969 366.
316 3882 487 3966 ὑπερτέρου]
505 3881 680 3964 ὑπερτέρους
694 3881 773 3946 Ald.
804 3883 1006 3965 ὑπερφέρουσι
1020 3883 1118 3946 codex
1134 3884 1274 3946 Venetus

175 3986 262 4072 apud
281 3986 471 4048 Burtouum.

219 4088 295 4174 368.
311 4084 523 4169 παγκλαύτων]
540 4086 760 4165 παγκλαὺστων
773 4084 892 4170 aliquot
907 4084 1000 4150 codd.
1015 4098 1047 4149 et
1058 4084 1136 4148 Ald.
1148 4083 1232 4148 Rob.

222 4188 357 4270 ἀλγέων]
372 4186 472 4269 δχέων
487 4185 636 4250 Cantabr.
652 4184 780 4271 primus.
805 4184 946 4264 πημάτων
962 4189 1001 4252 L.

222 4286 391 4370 ἐπίρροθον]
414 4286 621 4371 dijudicem,
647 4285 878 4349 auxiliatorem.
918 4289 1059 4375 Hesych.
1082 4291 1274 4369 Ἐπίρροθοςε

181 4389 310 4474 ἰσχυρός.
350 4391 490 4476 Adjutor
503 4388 655 4454 auxilium
670 4387 773 4450 serens
786 4409 857 4451 cum
874 4411 987 4475 magna
1000 4391 1095 4453 animi
1109 4391 1266 4456 alacritate

181 4491 251 4554 Vox
266 4490 447 4556 Homerica.
469 4492 640 4556 STANL.
