2978 5062
240 321 282 381 18
649 323 920 387 PRAEFATIO.

238 494 293 555 τῦν
317 488 466 579 πολεμίων
490 483 603 559 ἀλωσιν
627 491 773 582 γενέσθαι.
878 513 948 560 121.
975 488 1071 558 λείπει
1097 491 1117 574 η
1143 484 1210 559 ῦπά.
1239 489 1253 558 o‘
1283 485 1339 556 ῦπῦ

237 608 294 670 τοῦν
308 599 409 696 ἀρείων
425 599 520 672 ῖπλοιν
536 601 637 693 φίβος
650 606 813 700 ταράσσει.
932 627 1003 693 123.
1021 608 1169 696 θρηνοῦσιν
1185 604 1267 693 ἡμῶν
1283 602 1339 688 την

238 713 397 811 ἀναίρεσιν.
423 712 489 801 οἷον,
505 725 704 814 προφιννοῦσιν
721 719 749 790 οῖ
764 719 793 790 έν
809 727 877 798 ταῖς
892 719 995 812 γένυσι
1015 726 1071 790 τῦν
1088 714 1183 789 ῖπποιν
1199 718 1336 812 χαλινοί.

241 855 312 922 125.
330 839 398 911 ταῖς
416 832 465 903 διῖι
481 841 536 905 τῖον
552 832 678 926 δοράτων
694 832 859 920 σοιζοῦσαις
874 831 1064 913 πανοπλίαις.
1149 843 1339 925 πολεμικαῖς

236 945 424 1027 πανοπλίαις.
528 970 600 1036 127.
619 955 733 1042 λαχμρῦ
749 944 896 1040 λαχίντες
912 948 969 1026 πάς
984 946 1095 1025 πῦλας.
1201 953 1275 1019 128.
1297 946 1341 1016 σῦ

236 1092 271 1133 τε
295 1055 318 1132 ῦ
342 1065 451 1159 κράτος
477 1062 506 1134 έν
529 1062 673 1152 πολέμοις
698 1061 798 1149 ἀθηνᾶ.
826 1058 880 1131 ῦπδ
906 1060 937 1132 δέ
961 1057 1090 1154 ἀγωνίας
1115 1059 1174 1154 οῦχ
1197 1060 1249 1131 ένα
1274 1057 1339 1131 θεῖν

235 1176 456 1262 ἐπικαλοῦνται,
474 1176 513 1256 ῦς
534 1176 676 1271 παρθένοι.
701 1172 752 1246 καῖ
775 1183 872 1246 ταῦτα
893 1175 923 1246 δέ
943 1173 1079 1269 δίγμιικοί
1096 1175 1180 1245 ἔστιν
1196 1173 1249 1246 καῖ
1268 1174 1337 1258 ῖσα,

235 1289 285 1362 ε’ἀν
300 1323 348 1370 τις
366 1290 446 1361 αῦτῖι
468 1292 649 1382 ἀκτασῆμιος
670 1288 772 1388 βαίνῃ.
797 1287 900 1383 κνρίιος
922 1288 953 1358 δέ
978 1282 1058 1358 εἶπεν
1082 1287 1193 1370 βαίνει·
1231 1288 1339 1383 ῥνθμοῖ

233 1407 294 1497 γάρ
315 1405 386 1475 εἶσι·
413 1403 566 1489 βαίνονται
592 1405 624 1476 δὲ
649 1405 678 1475 οῖ
694 1401 807 1497 ῥυθμοί,
833 1403 988 1499 διαιρεῖται
1015 1403 1046 1474 δὲ
1071 1404 1112 1473 τῦι
1137 1403 1247 1494 μέτρα,
1266 1402 1338 1498 σι’χῖ

233 1517 385 1602 βαίνεται.
490 1545 561 1611 132.
590 1516 640 1589 καί
672 1517 711 1588 σῦ
737 1511 761 1588 ιῦ
790 1515 924 1589 πάσειδον
949 1515 981 1596 δς
1008 1519 1156 1597 ἀνάσσεις
1184 1517 1234 1590 έπῖ
1262 1522 1337 1616 θήρα

236 1632 348 1727 ι’χθῦονν.
440 1645 569 1724 τιμᾶται
587 1634 669 1729 παρά
686 1630 822 1719 θηβαίοις
840 1635 854 1703 ὁ
871 1633 1020 1704 ποσειδῦν.
1089 1637 1143 1730 [τῇ
1159 1632 1229 1710 τοῦς
1246 1634 1339 1728 ι’χθῦς

233 1749 440 1848 τιτρωσκοῦση
465 1748 589 1846 τριαίνῃ.
613 1772 635 1818 α
659 1773 702 1817 m.
720 1749 801 1836 rea]
910 1775 980 1838 134.
1006 1749 1099 1817 πάλιν
1122 1743 1168 1826 δῖς
1194 1743 1275 1818 εἶπεν
1301 1747 1338 1819 τδ

234 1859 382 1935 έπίλνσιν.
408 1862 632 1958 τεταραγμένης
652 1862 682 1932 δέ
699 1872 801 1956 ψυχῆς
818 1871 915 1934 ταῦτα
932 1861 986 1950 ἤθη
998 1861 1050 1935 καῖ
1064 1863 1228 1953 ε’μφάσεοις
1248 1863 1338 1934 ἕνεκα

234 1975 393 2070 λεγόμενα.
498 2004 570 2070 139.
591 1977 740 2064 κηδεστὴς
763 1976 888 2070 ε’ναργῦς
910 1985 1004 2068 γενοῦ.
1029 1976 1171 2070 ἁρμονίαν
1196 1982 1257 2071 γὰρ
1281 1980 1338 2064 τὴν

231 2089 396 2182 ἀφροδίτης
411 2090 464 2162 καί
480 2091 570 2185 ἀρεοις
595 2085 677 2186 εῖχεν
692 2092 818 2181 κάδμος.
841 2089 998 2186 φρίντισον
1020 2094 1100 2184 ἡμῶν
1121 2088 1173 2161 καῖ
1199 2101 1255 2178 τῆς
1282 2091 1340 2164 πά-

224 2219 307 2284 -λεοις
341 2205 478 2301 ἐναργῶς.
609 2233 680 2297 143.
714 2208 879 2299 μεγάλαις,
910 2201 950 2283 ἀς
983 2202 1035 2275 καί
1069 2202 1132 2283 θεδς
1167 2206 1337 2279 ἀκούσειεν.

234 2342 305 2410 145.
335 2323 490 2413 πολέμιος·
528 2317 594 2405 οἷον,
622 2317 720 2415 ῦσπερ
751 2319 839 2399 λῦκος
869 2318 972 2397 αῦτοῖς
997 2317 1180 2414 έφάρμησον,
1210 2319 1270 2390 ἀνθ’
1300 2317 1339 2391 ῦν

229 2437 319 2526 ἡμεῖς
342 2443 389 2506 νῦν
405 2442 570 2530 θρηνοῦμεν.
605 2432 692 2513 οῦτως
715 2434 792 2507 τινὲς
809 2431 843 2504 τδ
861 2432 986 2511 λῦκειος.
1022 2430 1052 2520 ἢ,
1071 2433 1254 2520 έπιβλαβης
1271 2444 1340 2515 τοῖς

223 2549 386 2641 ,πολεμίοις
404 2545 454 2620 ε’πῖ
471 2557 526 2635 τῆς
543 2549 637 2634 ἀῦτῆς
657 2556 711 2617 νῦν
729 2545 835 2616 στάνοιν
855 2554 951 2637 γενοῦ,
968 2544 1024 2618 οἷον
1046 2545 1094 2619 έπῖ
1115 2556 1168 2619 τοῦ
1189 2547 1338 2640 πολέμου.

233 2685 305 2753 150.
336 2660 487 2755 έπίρρημα
518 2658 730 2749 θανμαστικίν.
845 2682 916 2752 153.
938 2661 1032 2733 ἀκοῦον
1056 2660 1137 2751 φησὶ
1163 2663 1340 2756 στεναγμδν

229 2786 285 2847 τοῦν
306 2784 408 2871 χνοῦν.
440 2773 563 2867 λέγουσι
587 2770 638 2843 καί
661 2775 743 2865 μετὰ
765 2782 816 2844 τοῦ
833 2807 843 2842 ι
861 2774 890 2844 οῖ
910 2772 1030 2860 ποιηταί
1054 2773 1087 2845 τῦ
1110 2776 1221 2868 χνοιαί.
1248 2780 1337 2874 παρὰ

229 2889 263 2961 τῦ
281 2899 302 2931 “
319 2889 406 2981 μέγα
423 2887 449 2956 δ’
466 2886 584 2983 ἔβραχε
600 2889 726 2981 φήγινος
743 2886 845 2970 ἀξων.”
870 2887 955 2982 χνάαι
973 2890 1004 2959 δὲ
1027 2891 1068 2960 τὰ
1090 2890 1245 2983 ἀκροξάνια
1266 2893 1337 2989 περί

228 3002 251 3075 ἀ
277 3004 312 3074 αῖ
335 2996 500 3098 χοινικιδες
524 3003 553 3073 οῖ
577 3004 769 3097 παραξονῖται
795 3001 959 3095 λεγάμενοι.
1064 3012 1135 3095 158.
1165 3006 1337 3101 ἀκροβολί.

229 3125 332 3206 ζεσθαι
346 3113 417 3188 ε’στῖ
433 3113 467 3186 τῦ
485 3117 513 3188 έν
529 3116 650 3212 πολέμῳ
668 3122 830 3208 συμβολῆς
846 3120 1118 3212 προκατάρχεσθαι.
1219 3146 1294 3214 159.
1314 3117 1337 3194 ῦ

228 3231 304 3324 φίλε
322 3233 454 3303 ἀπολλον
472 3231 523 3301 καῖ
547 3230 640 3317 ἀθηνᾶ
662 3227 712 3300 καῖ
736 3227 825 3301 διίθεν
849 3227 1096 3324 πολεμίκραντον.
1198 3237 1338 3328 πολεμί-

228 3377 360 3440 κραντον.
390 3341 454 3416 Zau>
477 3341 523 3416 οῦν
546 3343 655 3440 μιαρός
680 3347 694 3414 θ
718 3345 746 3414 έν
768 3344 889 3439 πολέμῳ
913 3343 1012 3434 φίνος,
1033 3345 1121 3439 ἀγνδν
1142 3349 1232 3428 τέλος
1258 3350 1336 3439 ἔφη,

229 3460 296 3535 έπεῖ
313 3463 342 3532 οί
355 3459 512 3551 πολεμίους
531 3459 756 3536 ἀποκτείναντες
771 3457 895 3551 καθαροί
908 3457 968 3528 είσι
978 3469 1103 3549 μᾶλλον
1124 3458 1144 3547 ἢ
1168 3461 1197 3531 οῖ
1217 3461 1335 3552 φίλους

229 3573 394 3650 ἀνελάντες.
500 3579 589 3666 [164.
612 3574 693 3668 παρὰ
715 3569 839 3659 φοίνιξιν
855 3575 874 3659 ἡ
890 3572 989 3657 ἀθηνᾶ.
1015 3570 1067 3642 καῖ
1093 3575 1107 3643 ὅ
1130 3575 1249 3664 κάδμος
1271 3580 1337 3672 γὰρ

231 3683 341 3775 φοίνιξ.
355 3708 377 3754 a
390 3709 434 3754 m.
446 3689 527 3776 rea]
616 3694 689 3772 164.
715 3684 837 3770 ἡάθηνῖι
848 3683 929 3777 παρῦι
943 3686 1089 3770 θηβαίοις.
1116 3686 1283 3783 έπεῦχεται
1303 3696 1337 3768 δὲ

230 3800 285 3884 την
313 3795 464 3891 έπιχοῦριον
488 3800 603 3885 ἀθηνᾶν,
621 3798 658 3876 ὥς
679 3799 693 3867 ὁ
714 3795 858 3874 θετταλός
874 3806 896 3837 “
914 3804 963 3881 ζεῦ
979 3797 1035 3868 ἀνα
1051 3799 1220 3874 δνδονναῖε.”
1248 3805 1303 3877 καῖ
1322 3812 1337 3879 ὁ

232 3911 335 3987 λῦκιος
358 3921 380 3952 “
397 3917 481 3982 κλῦθι
501 3908 576 3994 ἀναξ
598 3911 629 3990 ἀς
650 3941 706 3980 που
732 3906 864 3996 λνκίης.”
894 3906 979 3979 καὶὸ
1005 3909 1080 3990 ῖλιος
1110 3925 1132 3955 “
1151 3924 1201 4000 ζεῦ
1233 3918 1337 4006 ῖδηθεν

232 4021 370 4116 μεδέων.”
402 4024 511 4114 θγκαία
537 4027 629 4111 ἀθηνᾶ
656 4034 782 4112 τιμᾶται
806 4023 887 4117 παρὰ
913 4021 1061 4109 θηβαίοις,
1084 4024 1162 4117 ῦγκα
1189 4031 1222 4102 δὲ
1248 4036 1337 4129 παρῖι

234 4144 298 4210 τοῖς
330 4134 447 4218 φοίνιξι.
476 4137 526 4207 καί
547 4140 668 4230 ν’γκαῖαι
694 4135 799 4206 σῦλαι.
828 4135 977 4228 μέμνηται
1001 4134 1053 4206 καῖ
1078 4138 1250 4236 ἀντίμαχος
1281 4148 1336 4219 καὶ

236 4241 344 4342 ρἰανάς.
375 4245 469 4329 φοίνιξ
487 4248 517 4317 δέ
534 4246 636 4317 ἀνωθεν
653 4250 667 4316 ὃ
684 4249 804 4337 κάδμος.
909 4256 979 4317 166.
998 4252 1078 4321 κατδι
1095 4256 1197 4325 πάντα
1214 4264 1336 4347 βοηθοί,
