2978 5062
468 333 537 397 AD
560 335 920 400 PROMETHEUM.
1180 339 1240 402 101

143 497 190 562 uti
205 496 369 575 vocabulo,
385 499 473 584 quod
494 499 597 586 ipsum
620 501 800 566 Brunclrius
821 502 926 588 posuit
946 526 986 566 ex
1008 504 1186 590 conjectura
1208 506 1243 570 ού

143 603 202 681 γὰρ
215 599 336 680 θεμιτὸν
355 600 504 664 αὐδᾶσθαι
516 602 597 675 τάδε,
612 603 725 669 collato
740 602 838 690 Soph.
853 603 932 667 OEd.
948 606 991 668 T.
1007 625 1082 690 993.
1098 605 1116 686 ἣ
1130 609 1240 688 ῥητύν;

142 700 161 780 ἢ
175 701 244 784 ούχὶ
259 703 380 782 θεμιτὸν
394 704 493 767 ἄλλον
508 704 617 768 εἰδέναι
629 729 639 777 ;

186 805 261 887 768.
280 803 367 869 citat
387 805 509 869 Tzetza
530 807 570 869 ad
589 806 748 892 Lycophr.
768 807 840 889 178.
866 807 949 870 unde
970 807 1067 871 lector
1088 810 1245 895 mytholo-

142 906 225 992 giam
241 906 283 970 de
298 905 447 970 Thetidis
460 907 579 991 nuptiis
594 924 727 993 quaerat,
739 922 771 972 et
785 931 824 972 ex
842 907 975 972 Bentleii
987 921 1060 973 nota
1072 911 1112 974 cd
1127 913 1242 976 Horat.

145 1009 250 1072 Carni.
266 1028 295 1086 1,
312 1027 426 1092 Ι2,19.
451 1010 625 1073 BLOMF.

189 1126 262 1194 770.
286 1111 321 1174 οὐ
343 1115 415 1189 δῆτα
436 1112 507 1193 πρὶν
529 1111 619 1192 ἔγωγ’
641 1111 680 1175 δν
697 1113 730 1174 ἐκ
752 1117 870 1191 δεσμῶν
883 1112 997 1195 λυθείς]
1016 1113 1106 1177 Inter
1119 1116 1190 1196 πρὶν
1205 1114 1243 1179 ἂν

146 1212 246 1295 ἔγωγ’,
260 1215 331 1295 πρὶν
346 1211 433 1295 ἔγωγ’
450 1212 498 1286 δν,
514 1229 545 1275 et
564 1213 645 1290 πλὴν
666 1212 753 1294 ἔγωγ’
769 1213 807 1277 δν
825 1212 980 1276 θυσίαισι
1002 1213 1083 1288 libri,
1106 1238 1241 1300 quorum

144 1313 195 1377 alii
209 1318 291 1377 λυθῶ
305 1311 357 1376 alii
376 1313 478 1378 λυθεὶς
496 1310 653 1374 exhibent.
701 1310 763 1374 Sed
785 1309 970 1396 exquisitius
984 1310 1109 1376 videtur
1130 1316 1242 1392 λυθεὶς,

144 1415 232 1501 quod
268 1413 407 1501 praetulit
438 1415 607 1489 Porsonus‚
638 1411 753 1476 scilicet
790 1429 825 1475 ut
854 1412 1033 1476 Promethei
1070 1437 1241 1480 sermonem

143 1517 311 1603 abrumpat
334 1516 438 1580 subito
463 1517 521 1579 Ius
547 1514 758 1601 interrogatio,
780 1517 835 1581 Τίς
857 1515 910 1578 οδν
932 1516 948 1577 ὁ
969 1516 1073 1579 λύσων
1095 1514 1123 1579 σ’
1147 1519 1240 1593 ἐστὶν,

144 1620 267 1686 ἄκοντος
282 1620 376 1689 Arte:
416 1615 479 1680 Sed
501 1615 744 1703 praecedentium
759 1616 925 1680 verborum
948 1615 1113 1703 scriptura,
1129 1635 1243 1706 praeter

145 1719 234 1783 metri
256 1718 432 1798 defectum,
449 1741 486 1781 eo
508 1718 600 1782 etiem
623 1717 746 1781 nomine
768 1717 878 1782 vitiose
901 1730 960 1796 est,
984 1719 1071 1804 quod
1095 1719 1243 1787 inusitato

144 1820 253 1884 ordine
268 1820 419 1909 vocabula
433 1818 574 1883 collocat.
608 1819 696 1882 Nihil
711 1818 792 1883 enim
809 1819 890 1884 inter
904 1822 973 1901 πρὶν
987 1834 1019 1884 et
1035 1821 1073 1885 δν
1087 1822 1242 1909 interponi

144 1921 249 1998 debet,
269 1920 326 1985 nisi
349 1920 510 2006 particulo.
555 1922 638 1984 Curn
661 1920 733 1983 cod.
750 1921 923 1999 Mediceus‚
939 1922 1090 1997 omniurn,
1108 1938 1143 1987 ut
1157 1925 1242 1989 vide-

146 2038 208 2101 tur,
237 2022 521 2109 praestantissimus,
546 2021 661 2107 aliique
690 2021 755 2085 duo
779 2022 860 2101 πλὴν
885 2021 972 2105 ἔγωγ’
999 2023 1037 2087 δν
1061 2025 1241 2105 exhibeant,

145 2124 285 2211 suspicor
306 2123 458 2210 tragicum
479 2122 646 2209 scripsisse,
662 2124 708 2187 Ού
731 2127 812 2203 δῶμα,
829 2124 910 2202 πλὴν
928 2124 1014 2206 ἔγωγ’
1029 2127 1103 2191 ὅταν
1126 2132 1243 2208 δεσμῶν

143 2228 244 2294 λυθεὶς
270 2228 340 2310 (aut
364 2225 473 2305 λυθῶ).
500 2225 591 2304 Πλὴν
611 2225 685 2288 ὅταν
710 2224 805 2288 habet
827 2227 943 2289 Noster
964 2249 1060 2312 supra
1082 2229 1154 2312 258.
1179 2230 1243 2295 Ούκ

145 2329 223 2392 δλλο
244 2327 275 2410 γ’
292 2328 391 2406 ούδέν,
405 2327 486 2405 πλὴν
501 2328 575 2390 ὅταν
595 2330 680 2411 κείνῳ
703 2328 785 2411 δοκῇ.
811 2325 908 2412 Soph.
924 2327 976 2391 El.
995 2347 1066 2414 293.
1088 2329 1160 2393 Τθδ
1177 2333 1242 2410 ἐξυ-

144 2431 249 2511 βρίζει,
263 2429 344 2508 πλὴν
358 2429 431 2493 ὅταν
447 2430 520 2506 κλύῃ
535 2428 616 2495 τινὸς
625 2425 748 2506 Ἦξονθ
764 2425 922 2510 Ὀρέστην.
963 2431 1031 2492 Nec
1045 2429 1148 2494 minus
1163 2432 1243 2497 bene

145 2529 260 2594 dicitur
271 2534 388 2609 δεσμῶν
402 2530 502 2595 λυθεὶς
510 2552 605 2615 quam
620 2532 654 2593 ἐκ
669 2535 794 2608 δεσμῶν.
818 2530 934 2593 Noster
944 2530 1025 2594 infra
1037 2553 1128 2617 1005.
1145 2537 1246 2600 Λῦσσί

144 2657 182 2711 με
197 2638 314 2712 δεσμῶν
327 2636 430 2696 τῶνδε.
446 2632 562 2695 ELM.
584 2632 665 2711 πλὴν
680 2630 767 2713 ἔγωγ’
784 2631 822 2695 δν
836 2631 869 2695 in
884 2633 981 2697 EM.
1000 2647 1031 2698 et
1054 2634 1154 2699 tribus
1176 2635 1244 2701 eliis

145 2732 304 2798 codicibus
317 2732 442 2819 legitur.
465 2734 535 2814 πρὶν
549 2733 587 2798 δν
603 2732 690 2815 ἔγωγ’
706 2733 738 2797 in
750 2733 885 2799 vindob.
900 2735 1002 2821 primo
1016 2753 1048 2800 et
1062 2737 1140 2802 Ald.
1158 2739 1242 2804 Rob.

145 2837 215 2917 πρὶν
230 2833 317 2918 ἔγωγ’
332 2834 372 2899 δν
386 2837 418 2897 in
434 2836 520 2898 A.B.
536 2835 709 2922 ceterisque
723 2835 814 2899 codd.
830 2851 862 2900 et
882 2838 984 2902 Turn.
1007 2841 1107 2907 λυθεὶς
1127 2840 1160 2904 in
1178 2840 1244 2905 solo

146 2936 260 3024 legitur
276 2939 327 3003 M.
341 2953 373 3000 et
388 2936 472 3000 Rob.
493 2936 684 3024 adscriptum
706 2951 754 3001 est
775 2937 806 3001 in
830 2939 886 3003 B.:
912 2938 1022 3025 reliqui
1043 2940 1114 3006 libri
1135 2966 1245 3008 omnes

145 3045 235 3104 λυθῶ.
280 3038 374 3117 Quod
399 3038 639 3114 restituendum,
664 3062 721 3102 nec
743 3038 783 3102 de
804 3039 979 3127 interrupta
1000 3043 1139 3108 oratione
1160 3046 1244 3132 cogi-

147 3141 277 3206 tandum
295 3141 348 3205 ubi
363 3164 425 3204 non
440 3157 571 3227 apparet
587 3139 666 3225 qnid
687 3140 821 3226 amplius
842 3140 902 3204 dici
926 3141 1069 3207 debuerit
1090 3169 1186 3231 quom
1211 3150 1244 3210 ἐκ

147 3248 263 3324 δεσμῶν
283 3249 374 3309 λυθῶ.
419 3245 532 3329 Longe
546 3242 608 3305 alio
621 3240 758 3306 conditio
773 3241 830 3304 loci
853 3243 1016 3328 Sophoclei
1031 3244 1085 3330 Aj.
1102 3249 1171 3310 108.
1188 3248 1244 3312 ubi

147 3346 256 3433 Ajncis
281 3346 377 3411 verba
404 3347 474 3427 πρὶν
499 3345 537 3409 δν
560 3345 655 3410 δεθεὶς
680 3343 754 3424 πρὸς
778 3341 850 3406 κίον’
875 3346 988 3420 ἑρκείου
1014 3346 1123 3427 στέγης
1148 3347 1243 3412 inter.

147 3464 339 3535 rumpuntur
353 3448 394 3512 ab
411 3447 558 3511 Minerva
571 3460 732 3531 quaerente
752 3446 783 3507 τί
802 3449 874 3523 δῆτα
891 3446 945 3509 τὸν
961 3446 1106 3525 δύστηνον
1124 3450 1246 3531 ἐργάσει

148 3551 257 3623 κοκύν;
282 3563 352 3636 post
373 3573 446 3636 quoe
467 3547 570 3634 pergit
589 3547 676 3633 Ajax
696 3545 819 3627 μάστιγι
840 3552 956 3627 πρῶτον
979 3554 1056 3611 νῶτα
1078 3555 1245 3634 φοινιχθεὶς

148 3650 231 3737 θύνρ.
278 3651 334 3715 Ad
356 3650 564 3737 procedentia
584 3647 680 3713 verba
699 3647 785 3734 quod
807 3647 927 3721 attinet,
944 3649 1053 3713 vitium
1077 3670 1159 3716 recte
1180 3654 1245 3716 ani-

147 3752 314 3816 madvertit
326 3750 507 3829 Elmsleius,
523 3750 576 3814 sed
592 3772 654 3814 non
670 3749 743 3813 satis
757 3748 866 3813 dextre
881 3750 1016 3815 sustulit.
1038 3753 1243 3819 Scribendum

147 3853 182 3916 οὗ
196 3857 278 3932 δῆτα,
294 3853 375 3932 πλὴν
390 3855 444 3916 ἐδν
459 3854 518 3933 ἐγὼ
531 3850 559 3915 ’κ
580 3856 698 3931 δεσμῶν
717 3855 808 3914 λυθῶ.
854 3851 927 3915 Hoc
948 3875 1046 3937 quum
1070 3852 1102 3916 in
1125 3854 1163 3918 δν
1185 3858 1245 3938 ἐγὼ

148 3955 176 4018 ’κ
191 3954 238 4018 vel
260 3955 299 4019 δν
321 3953 407 4036 ἔγωγ’
428 3956 461 4017 ἐκ
483 3968 562 4017 esset
582 3968 778 4039 corruptum,
799 3952 1000 4039 postmodum
1022 3953 1243 4043 interpolatum

146 4070 194 4120 est
207 4054 294 4138 ἔγωγ’
310 4056 348 4120 δν
363 4059 406 4122 ἐκ.
453 4057 504 4120 Dc
521 4057 574 4121 ἐὰν
589 4055 751 4143 porticulae
770 4076 916 4119 mensura
936 4054 1001 4118 dixi
1021 4055 1061 4119 ed
1076 4058 1242 4148 Aristoph.

146 4157 242 4243 Vesp.
258 4158 333 4225 228.

191 4273 265 4340 771.
281 4256 311 4321 σ’
324 4280 388 4322 om.
403 4258 454 4324 M.
471 4257 567 4321 etalii
583 4256 734 4321 nonnulli.

190 4375 265 4440 772.
282 4360 425 4442 ἐκγόνων]
445 4359 580 4439 ἐγγόνων
596 4359 634 4424 C.
649 4380 722 4422 cum
738 4380 804 4421 rar.
820 4356 889 4421 lect.
906 4359 1047 4438 ἐκγόνων.

193 4476 265 4543 773.
282 4458 310 4522 σ’
327 4482 388 4524 orn.
404 4459 469 4522 duo
484 4459 574 4522 codd.
590 4473 622 4522 et
636 4458 713 4522 Ald.
