2978 5062
347 342 416 404 AD
440 342 632 405 SEPTEM
656 344 905 409 ADVERSUS
929 345 1133 410 THEBAS.
1226 348 1289 412 lat

191 510 337 596 Sophocl.
352 512 432 576 OEd.
452 514 520 577 Col.
541 530 598 597 137
601 534 632 596 5.
656 528 803 599 quartum
829 513 934 592 babet,
956 514 1011 599 qui
1034 537 1107 578 eum
1130 514 1289 600 compilat,

190 610 351 674 Zenobius
364 633 397 695 5,
413 633 464 697 43.
482 612 671 700 Apollonius
687 617 782 702 Dysc.
798 614 839 677 de
854 637 993 700 pronom.
1010 637 1039 700 p.
1053 630 1116 699 379
1129 617 1166 681 C.
1183 613 1291 678 laudat

191 710 339 775 Corinnae
356 711 444 776 'Em'
468 717 517 778 on
538 714 667 794 Θήβαις,
685 738 794 779 verum
817 715 849 778 id
872 716 1002 779 sortasse
1030 714 1205 778 Boeoticum
1232 737 1291 801 pro

191 812 309 892 Θήβας.
335 815 510 879 BLOMP.
557 817 670 902 Lysias
691 817 843 903 Epitaph.
860 840 890 902 p.
911 837 982 900 191,
998 820 1050 881 26.
1074 819 1141 898 περὶ
1162 819 1218 896 μὲν
1237 818 1292 881 οῦν

190 916 257 983 τοὺς
271 918 476 984 ἀποθανόντας
497 925 557 981 τῶν
579 922 654 982 ἑπτὰ
676 921 725 983 ἐπὶ
740 919 849 999 Θήβας
870 923 997 983 τοιοῦτοι
1018 921 1193 999 γεγόνασιν.
1227 920 1292 982 De-

191 1018 303 1083 mosth.
319 1019 471 1104 Epitapb.
494 1042 525 1104 p.
547 1039 703 1104 1391,13.
727 1023 776 1084 ὅτε
797 1022 865 1087 τοὺς
883 1023 957 1084 ἑπτὰ
980 1021 1029 1084 ἐπὶ
1044 1019 1154 1099 Θήβας
1167 1019 1291 1084 θάπτειν

191 1123 303 1185 ἑκόλυε
318 1122 431 1202 Κρέων.
475 1120 634 1200 Ἐτεοκλῆς
648 1122 716 1186 haec
731 1122 839 1186 fabula
854 1122 1033 1187 inscribitur
1047 1122 1078 1185 in
1094 1121 1200 1186 codice
1216 1123 1290 1185 Ma·

192 1221 311 1285 tritensi
333 1221 419 1304 apud
445 1221 604 1285 Iriartium
625 1246 656 1309 p.
679 1225 747 1286 162.
788 1223 838 1287 Sic
862 1222 1055 1309 Polydorum
1077 1241 1108 1286 et
1131 1224 1291 1287 Electram

191 1346 249 1409 pro
264 1323 399 1387 Hecuba
415 1339 444 1386 et
459 1327 569 1387 Oreste
585 1323 748 1411 Euripidis
765 1325 926 1389 nominant
940 1325 1124 1390 recentiores
1137 1348 1292 1410 gramma·

192 1425 261 1489 tici:
287 1448 315 1486 v.
331 1425 370 1488 ad
387 1425 482 1488 schol.
501 1426 666 1511 Aristoph.
684 1426 768 1490 Plut.
786 1431 859 1511 639.
876 1442 907 1491 et
923 1428 1021 1491 Dobr.
1039 1427 1078 1490 ad
1097 1426 1189 1491 schol.
1207 1429 1290 1493 Rau.

191 1548 265 1613 305.

235 1637 257 1668 “
271 1629 457 1716 AEschylum
481 1630 610 1708 ducum,
625 1631 680 1716 qui
702 1630 742 1693 ad
765 1631 893 1694 Thebas
915 1631 1105 1708 ceciderunt,
1125 1653 1290 1694 numerum

191 1733 231 1796 ad
255 1749 372 1818 septem
396 1732 561 1818 redegisse,
577 1756 649 1796 cnm
670 1733 774 1818 plures
795 1733 922 1812 fuerint,
947 1733 1041 1798 tradit
1064 1733 1235 1798 Pausanias
1260 1750 1290 1810 2,

194 1853 245 1910 20,
267 1854 299 1918 5.
324 1837 456 1901 Τούτους
479 1834 546 1900 τοὺς
570 1836 679 1915 ἄνδρας
705 1836 736 1901 ἐς
761 1837 855 1913 μόνον
881 1837 956 1899 ἑπτὰ
977 1837 1102 1916 ἀριθμὸν
1124 1835 1292 1917 κατήγαγεν

194 1939 354 2019 Αἰσχύλος,
378 1940 526 2001 πλειόνων
549 1938 582 1999 ἔκ
605 1962 637 2000 τε
654 1936 784 2018 Ἀργους
804 1938 960 2018 ἡγεμόνων
984 1938 1032 2001 καὶ
1055 1939 1219 2014 Μεσσήνης
1243 1940 1294 2001 καί

193 2064 281 2102 τινων
294 2039 446 2119 Ἀρκάδων
461 2041 777 2120 συστρατευσαμένων.
800 2041 911 2104 τούτων
933 2042 965 2102 δὲ
988 2045 1046 2101 τῶν
1070 2041 1144 2102 ἑπτὰ
1165 2041 1287 2119 (ἐπηκο-

193 2142 356 2220 λουθήκοσι
370 2147 428 2224 γὰρ
443 2145 491 2206 καὶ
504 2143 636 2224 Ἀργεῖοι
658 2143 693 2228 τῇ
712 2145 866 2224 Αἰσχύλον
885 2141 1018 2220 ποιήσει)
1034 2141 1165 2217 πλησίον
1180 2146 1292 2204 κεῖνται

194 2245 243 2307 καὶ
256 2246 284 2306 οἱ
298 2248 350 2309 τὰς
365 2244 473 2323 Θήβας
490 2247 611 2311 ἑλόντες
625 2260 683 2307 etc.
719 2244 811 2320 Quod
828 2245 852 2305 si
867 2242 910 2306 ita
924 2240 1031 2317 suerit,
1047 2253 1130 2303 recte
1144 2240 1225 2303 inter
1238 2240 1293 2304 fri-

193 2344 369 2429 gidiuscula
391 2360 526 2408 recenset
544 2344 668 2409 Gellius
690 2364 722 2428 3,
744 2364 791 2421 10,
809 2366 881 2430 quae
904 2343 944 2406 de
966 2363 1097 2405 numero
1119 2341 1293 2425 septenario

194 2463 387 2534 congesserat
405 2448 514 2522 Varro,
537 2471 578 2510 sc.
600 2448 643 2510 ud
664 2447 898 2534 oppugrmndua
919 2445 1041 2509 Thebas
1064 2448 1157 2508 disces
1177 2453 1292 2531 septem

195 2550 321 2613 delectos
343 2570 416 2613 esee.
456 2550 661 2634 Congesserat
684 2563 788 2612 autem
807 2549 914 2624 Varro,
932 2565 967 2610 ut
979 2547 1100 2634 opinor,
1117 2569 1155 2610 ex
1172 2546 1293 2610 Graecis

196 2650 409 2737 scriptoribus.
434 2652 484 2714 Ita
499 2651 579 2714 enim
598 2649 782 2714 Aristoteles
798 2649 942 2736 Metaph.
962 2669 1012 2733 13,
1029 2654 1058 2713 6.
1082 2648 1230 2727 Quinimo
1252 2671 1292 2711 an

199 2776 305 2816 verum
323 2753 373 2830 sit,
387 2753 473 2839 qnod
490 2753 595 2838 prodit
609 2753 791 2828 Pausanias,
805 2752 936 2816 dubito:
963 2751 1119 2816 Pindarus
1128 2750 1223 2828 enim,
1238 2751 1294 2837 qui

199 2853 351 2939 AEscbylo
365 2867 551 2932 coaetaneus,
568 2870 684 2942 septem
708 2878 800 2940 rogos
820 2854 937 2919 ducum
954 2868 1104 2918 memorat
1117 2853 1245 2939 Olymp.
1263 2855 1294 2932 6,

202 2974 271 3040 23.:
297 2957 370 3018 ἑπτὰ
385 2953 408 3018 δ’
426 2956 527 3018 ἔπειτα
541 2960 636 3035 τυρῶν
652 2960 763 3034 νεκρῶν
773 2955 977 3019 τελεσθέντων
987 2953 1101 3000 --”
1126 2952 1294 3015 STANL.

200 3057 298 3118 Recte
310 3071 415 3117 monet
427 3054 596 3117 Pausanias
610 3051 711 3116 multo
722 3051 828 3138 plures
838 3073 933 3138 quam
951 3069 1068 3138 septem
1082 3050 1178 3114 duces
1189 3051 1295 3129 fuisse,

198 3157 252 3220 sed
268 3179 328 3219 non
346 3156 469 3219 videtur
483 3155 734 3219 animadvertisse
750 3155 937 3240 AEschylum
954 3153 994 3216 de
1008 3167 1126 3239 septem
1142 3151 1296 3238 primariis

199 3271 317 3325 tantum
335 3258 469 3322 ducibus
483 3280 584 3343 agere,
600 3258 654 3342 qui
671 3257 799 3320 totidem
817 3257 903 3319 urbis
918 3271 1022 3341 portas
1038 3269 1188 3318 tenerent.

664 3513 837 3529 a*

242 3709 269 3750 1.
288 3691 360 3752 Hoc
375 3710 466 3752 versu
484 3687 584 3751 utitur
601 3684 756 3749 Aristides
771 3680 831 3745 vol.
848 3703 875 3745 1.
893 3704 925 3766 p.
942 3700 1018 3765 342,
1036 3698 1086 3762 17.

243 3811 271 3853 2.
290 3793 324 3853 ἓν
337 3792 453 3875 πρύμνη
468 3789 596 3871 πόλεως]
616 3786 709 3850 Plato
725 3783 922 3871 Euthydem.
939 3806 971 3868 p.
986 3801 1045 3863 291
1065 3783 1106 3844 D.
1124 3786 1229 3861 σαφῶς
1243 3780 1297 3843 οὖν

197 3894 292 3956 ἐδόκει
306 3893 376 3971 ἡμῖν
392 3894 463 3969 αὕτη
479 3891 554 3954 εἶναι
569 3890 605 3967 ήν
620 3895 770 3968 ζητοῦμεν,
788 3888 835 3951 καὶ
849 3888 867 3966 ἡ
883 3887 962 3950 αἰτία
977 3889 1029 3948 τοῦ
1043 3887 1137 3964 ὀρθῶς
1156 3882 1298 3963 πράττειν

199 3997 233 4057 ἐν
253 3998 288 4080 τῇ
310 3995 407 4068 πόλει,
426 3995 474 4055 καὶ
489 3995 620 4074 ἀτεχνῶς
643 3994 717 4054 κατὰ
737 3990 769 4052 τὸ
787 3990 941 4070 Αἰσχύλον
955 3991 1094 4066 ἰαμβεῖον
1112 3985 1189 4064 μόνη
1210 3985 1243 4046 ἐν
1263 3987 1298 4069 τῇ

200 4098 314 4181 πρύμνη
338 4099 482 4172 καθῆσθαι
503 4099 554 4172 τῆς
575 4097 703 4170 πόλεως,
717 4091 815 4154 πάντα
838 4096 1022 4170 κυβερνῶσα,
1040 4088 1087 4151 καὶ
1109 4086 1229 4150 πόντον
1249 4087 1300 4165 ἄρ-

198 4223 307 4280 χουσα,
323 4199 371 4261 καὶ
385 4198 483 4260 πάντα
497 4196 629 4278 χρήσιμα
643 4199 751 4257 ποιεῖν.
775 4194 825 4256 De
841 4191 898 4253 hac
913 4190 1095 4275 metaphora
1110 4212 1141 4250 v.
1158 4186 1297 4249 Lobeck.

197 4299 236 4362 ad
262 4299 360 4385 Soph.
384 4299 475 4383 Ajac.
495 4314 588 4379 1072.
608 4298 716 4380 (1083.
741 4294 792 4357 ed.
816 4295 889 4369 sec.)
913 4292 1051 4354 Denretr.
1075 4289 1114 4352 de
1137 4286 1227 4351 Eloc.
1247 4289 1297 4369 78.

196 4400 360 4481 Ἀσφολῶς
382 4402 435 4464 οὖν
458 4402 521 4479 ἐρεῖ
543 4400 590 4462 καὶ
616 4401 632 4460 ό
655 4398 710 4460 τὸν
731 4397 899 4476 στρατηγὸν
927 4392 1108 4472 κυβερνήτην
1130 4388 1231 4470 λέγων
1249 4392 1300 4466 τῆς

195 4505 322 4576 πόλεως,
341 4505 389 4565 καὶ
404 4500 554 4566 όνόπαλιν
570 4503 586 4562 ό
602 4500 654 4563 τὸν
671 4497 851 4577 κυβερνήτην
872 4497 1003 4575 ἄρχοντα
1025 4498 1075 4570 τῆς
1097 4492 1175 4569 νηός.
1214 4492 1299 4566 Quo·
