2978 5062
514 261 582 324 AD
605 261 966 327 PROMETHEUM.
1248 263 1292 330 47

191 448 284 514 opem
306 428 423 493 ferrent
444 427 594 494 adversus
614 429 765 495 Titanas:
789 432 862 509 αι’ττὴ
883 432 941 515 γάρ
961 441 1038 514 σφιν
1059 432 1177 496 ἅπαντα
1197 437 1292 511 διηνε-

193 529 266 596 κέως
291 526 442 608 κατέλεξε,
464 531 522 595 σὺν
542 535 649 598 κείνοις
675 533 757 612 νίκην
779 559 813 598 τε
836 535 884 598 καὶ
903 534 1022 614 ἀγλαὸν
1042 534 1129 616 εὖχος
1155 531 1291 614 ἀρέσθαι.

192 631 287 695 Cous.
312 629 528 716 Apollodorus
553 652 581 710 1,
605 654 632 696 1.
655 632 710 696 ubi
740 635 850 698 Coelus
869 657 996 721 quoque
1019 635 1203 701 vaticinatus
1224 658 1290 700 esse

190 730 318 796 dicitur.
342 733 484 797 BOTH.

236 851 307 898 210.
331 839 415 910 Γαῖα,
431 840 556 898 πολλῶν
570 834 725 915 ὀνομάτων
737 835 838 917 μορφὴ
851 835 920 921 μία]
944 837 1077 899 Terram
1097 836 1161 900 sive
1177 836 1288 899 Tellu-

192 955 256 996 rem
271 933 363 998 deam
377 933 445 998 aliis
458 935 535 999 alias
547 950 657 1020 gentes
671 936 849 1000 nominibus
862 935 1030 1023 appellare,
1047 937 1179 1023 Scythas
1194 937 1288 1022 Apias

194 1034 365 1116 (Herodot.
380 1055 413 1114 4,
427 1038 508 1121 59.),
530 1036 674 1123 Phryges
689 1037 835 1123 Cybeles,
851 1037 1023 1123 AEgyptios
1039 1037 1142 1109 Isidis,
1159 1038 1289 1102 Groecos

191 1151 296 1200 autem
318 1151 350 1201 et
365 1138 527 1201 Romanos
542 1137 665 1201 Cereris
688 1139 818 1224 (Eurip.
834 1138 949 1203 Bacch.
966 1157 1040 1222 234.
1056 1137 1169 1202 Phoen.
1186 1141 1296 1224 633.),.

191 1239 215 1299 J
218 1237 341 1315 naonis,
357 1240 461 1302 Vestae
477 1239 606 1325 (Eurip.
617 1240 730 1326 fragm.
745 1240 805 1305 inc.
820 1241 918 1323 178.)‚
929 1239 1039 1316 Rhea,
1056 1240 1145 1325 Opis,
1162 1241 1289 1304 Proser·

191 1336 286 1423 pinoe,
310 1351 419 1403 auctor
448 1354 495 1404 est
521 1342 563 1405 G.
585 1341 616 1404 1.
637 1341 767 1406 Vossius
788 1341 944 1427 Theolog.
970 1354 1057 1425 gent.
1081 1359 1110 1418 a,
1132 1356 1186 1425 51.
1202 1363 1290 1426 seqq.

193 1440 293 1502 Recte
316 1439 472 1504 Stauleius
493 1441 702 1506 “Nominum
725 1444 858 1507 varietas
880 1466 899 1506 a
921 1441 1092 1505 multifaria
1113 1443 1182 1528 ejus
1203 1458 1290 1529 pote·

193 1556 271 1605 state
293 1558 363 1606 orta
381 1559 437 1607 est.
469 1543 571 1608 Procl.
594 1545 626 1608 iu
650 1545 822 1622 Timaeum,
840 1546 1016 1608 Comment.
1036 1566 1068 1625 4.
1093 1547 1167 1607 οὕτω
1187 1548 1220 1609 δὲ
1240 1547 1288 1609 καὶ

193 1646 265 1720 αὕτη
279 1645 298 1726 ἡ
312 1649 363 1726 γῆ,
378 1645 471 1728 ἤγουν
486 1645 635 1728 Δημήιηρ,
652 1648 788 1726 δυνάμεις
808 1647 873 1729 ἔχει
893 1648 1041 1712 ποικίλας.
1086 1643 1173 1708 Hinc
1195 1645 1231 1707 fit
1254 1660 1289 1710 ut

192 1749 380 1827 πολυωνυμίη
402 1747 584 1812 numinibus
605 1748 837 1835 exoptatissima
858 1747 898 1811 sit
925 1746 1034 1833 gloria,
1049 1767 1144 1833 quam
1167 1769 1186 1809 a
1204 1747 1289 1808 Jove

192 1848 330 1935 postulat
344 1849 460 1928 Diana,
475 1851 658 1936 quominus
673 1850 797 1914 Phoebo
810 1849 909 1914 cedat.
933 1847 1055 1913 Callim.
1070 1846 1179 1934 hymn.
1194 1865 1225 1929 3,
1242 1850 1273 1911 6.

276 1985 339 2051 Δός
351 2011 403 2063 μοι
415 1987 578 2067 παρθενίην
591 1985 721 2058 αίιίνὶον,
737 1985 831 2056 ίίππα,
847 1982 1029 2066 φυλάσσειν,

280 2086 327 2150 καὶ
341 2090 558 2169 πολυωυνμίηυ,
574 2087 677 2168 ἵναμή
691 2113 743 2167 μοι
756 2093 871 2166 Φοῖβος
886 2085 992 2171 ἔρι’ζῃ.”
1036 2083 1179 2146 ΒΟΤΗ.

237 2273 308 2318 211.
332 2255 494 2343 κραίνοιτο]
517 2256 724 2322 Scribendum
740 2253 864 2317 videtur
879 2257 1037 2334 κρανοῖτο.
1059 2252 1190 2313 Homer.
1207 2247 1248 2312 ll.
1263 2255 1292 2327 1,

195 2357 270 2423 626.
284 2356 320 2420 οὗ
333 2356 391 2438 γάρ
404 2381 456 2437 μοι
470 2356 566 2422 δοκέει
579 2359 682 2437 μύθοιο
696 2355 820 2434 τελευτὴ
834 2352 906 2433 τῇδί
920 2350 947 2435 γ’
963 2354 1021 2438 ὀδῷ
1036 2350 1224 2433 κρανίεσθαι.

239 2476 310 2542 213.
333 2460 418 2541 χρείη
441 2459 603 2524 Dawesius
625 2457 759 2523 Miscell.
781 2478 814 2542 p.
829 2474 904 2540 333.
944 2454 1110 2518 Librorum
1128 2451 1203 2516 vitia
1217 2466 1292 2518 sunt

194 2557 242 2622 uel
258 2559 316 2642 χρὴ
329 2558 359 2640 ἦ,
373 2560 459 2647 quod
475 2578 521 2626 est
534 2562 567 2626 in
584 2562 632 2625 M.
649 2560 725 2625 Ald.
743 2561 848 2623 Tum.
865 2556 987 2643 Steph.,
1003 2554 1053 2620 vel
1067 2553 1144 2638 χρεῗ
1159 2554 1189 2633 ἦ,
1204 2554 1292 2640 quod

193 2661 234 2725 ab
247 2661 309 2725 alia
331 2684 425 2727 manu
447 2663 543 2727 habet
564 2685 673 2749 margo
693 2662 743 2726 M.
781 2659 849 2724 Alii
869 2656 1248 2746 χρεΐῇ,υ11ἰοδ.,χρεί’
1263 2655 1294 2738 ᾗ,

192 2762 310 2847 xaivi·
325 2769 392 2847 >oa

236 2867 269 2928 δὲ
283 2864 426 2930 additum
442 2889 481 2929 ex
496 2867 567 2930 cod.
582 2865 741 2952 Stephani.
787 2863 1039 2952 superscriptum
1055 2860 1158 2925 versui
1175 2860 1216 2925 ab
1230 2860 1291 2924 alia

194 2987 289 3029 manu
304 2982 351 3030 est
365 2966 396 3029 in
413 2969 464 3031 M.
500 2967 568 3031 Alii
583 2966 723 3031 nonnulli
736 2993 779 3031 τε.

235 3068 436 3151 ὑπερέχοντος
458 3071 509 3134 Μ.
528 3086 559 3133 et
578 3068 629 3133 alii
651 3068 793 3156 plerique
813 3088 885 3131 cum
901 3062 1292 3144 Α16.Βοίι.ὑπερίξοντας

195 3170 301 3233 Turn.
313 3169 423 3255 Steph.
436 3168 658 3254 ὑπερέσχοντας
670 3169 801 3234 Parisini
813 3184 884 3232 tres.
905 3165 1110 3231 Scribendum
1122 3165 1291 3245 ὑπερσχόν·

193 3295 247 3337 τας
264 3293 336 3335 cum
357 3273 508 3348 Pomone,
527 3272 613 3357 quod
636 3294 697 3335 non
721 3294 779 3356 pro
797 3267 999 3350 ὑπερέχοντας
1020 3264 1214 3341 dictumest,
1235 3262 1291 3325 sed

193 3393 246 3434 eos
274 3372 427 3459 significat
451 3372 507 3458 qui
536 3396 639 3437 rerum
666 3395 788 3437 summa
810 3370 901 3456 potiti
930 3382 1015 3431 suut.
1051 3364 1230 3447 Ὑπερσχὼν
1258 3364 1290 3428 iu

192 3471 280 3537 libris
300 3473 447 3538 omnibus
468 3473 500 3537 in
523 3472 677 3557 ὑπερέχων
701 3486 883 3557 corruptum
909 3467 996 3555 apud
1016 3466 1131 3554 Eurip.
1155 3465 1292 3553 Hippol.

196 3577 289 3658 1365.
304 3573 482 3639 emendavit
498 3573 731 3638 Valckenarius.

239 3694 311 3756 211μ
327 3673 542 3762 ἐξηγουμένου]
559 3673 749 3754 ἐξισουμέυου
765 3672 852 3737 Rob.

239 3781 312 3843 216.
337 3777 479 3859 κράτιστα
501 3777 673 3860 (κράτιστον
696 3775 779 3840 Rob.
794 3772 881 3859 quod
903 3793 1055 3858 superscr.
1079 3769 1111 3832 in
1135 3767 1292 3854 Lips.)hsl

193 3903 244 3956 μοι
261 3877 424 3960 (librorum
440 3877 636 3965 quorundam
655 3877 728 3941 vitia
749 3891 823 3940 sunt
845 3874 879 3952 δή
899 3899 946 3952 με,
970 3869 1003 3934 δέ
1024 3895 1086 3951 μοι,
1107 3868 1140 3933 δέ
1162 3871 1211 3951 με)
1233 3876 1293 3934 τῶν

194 3981 407 4067 παρεστώτων]
425 3979 589 4067 Aristoph.
604 3979 715 4065 Equit.
727 3998 781 4063 30.
798 3975 938 4059 κράτιστα
952 3976 1051 4037 τοίνυν
1065 3976 1125 4034 τῶν
1138 3973 1294 4052 παρόντων

194 4083 262 4145 ἐστὶ
274 4083 336 4167 νιβν
350 4087 428 4146 θεῶν
442 4085 523 4147 ίόντε
542 4086 728 4164 προσπεσεῖν
741 4104 793 4143 του
807 4077 880 4159 πρὸς
898 4074 1021 4158 βρέτας,
1036 4073 1169 4138 contulit
1184 4073 1293 4137 Bloma

193 4183 276 4248 field.
483 4240 499 4261 ·.

239 4301 313 4367 217.
341 4286 560 4367 προσλαβόντα
587 4302 627 4348 ex
656 4278 929 4369 quattuorbcodd.
959 4275 1148 4361 repositum:
1183 4298 1293 4363 super·

193 4387 344 4474 scriptum
361 4400 408 4451 cst
422 4385 455 4449 in
471 4388 514 4450 A.
552 4383 657 4471 Vulgo
671 4383 892 4469 προσλαβόυτι,
908 4377 1116 4444 consentiente
1132 4378 1184 4440 M.
