2978 5062
455 332 524 396 AD
548 332 907 396 PROMETHEUM.
1170 333 1233 397 113

130 521 192 560 σαν
206 504 366 579 πιρισσῶς.
381 500 474 586 cujus
487 501 648 564 sententiae
662 515 772 565 auctor
791 501 927 564 incertus
945 499 1018 578 fuit,
1039 513 1118 565 teste
1138 500 1233 566 schol.

129 598 171 662 ad
198 600 312 687 Eurip.
340 601 474 688 Hippol.
497 605 571 686 265.
616 603 754 688 Longin.
779 624 885 666 versus
909 602 963 664 fin.
991 608 1232 682 νεοττοποιεῖτοι,

132 704 207 764 κατὰ
232 702 299 769 τοὺς
323 704 446 784 σοφούς.
492 702 639 789 Sophocl.
666 704 717 766 El.
745 705 798 767 62.
823 705 878 783 ἤδη
901 706 960 784 γάρ
983 702 1063 766 εἶδον
1088 703 1234 770 πολλάκις

133 803 181 865 καὶ
209 803 277 870 τοὺς
301 806 416 886 σοφοὺς
441 807 530 891 Λόγιρ
559 804 654 884 μάτην
679 806 873 885 θνήσκοντας.
905 805 925 867 i.
946 829 974 868 e.
1023 805 1234 891 Philosophus.

133 903 309 969 BLOMF.

177 1007 250 1090 893.
266 1006 427 1092 χερνήταν]
442 1008 605 1088 Χερνήτης,
623 1009 687 1081 Qus
702 1029 854 1070 montrum
868 1009 972 1071 labore
980 1009 1097 1072 victum
1111 1011 1234 1093 quaerit.

132 1113 277 1188 Χερνῆτις
291 1109 417 1195 proprie
430 1109 546 1172 dicitur
559 1108 685 1184 femina,
696 1131 768 1193 quae
778 1109 857 1190 χειρὶ
872 1108 964 1188 νήθει,
977 1123 1055 1172 teste
1067 1108 1238 1172 Eustatlrio

131 1207 172 1272 ad
190 1208 229 1272 ll.
248 1215 290 1274 M.
306 1232 335 1295 p.
355 1228 430 1293 912,
443 1211 497 1295 38.
511 1232 585 1295 quae
605 1208 739 1272 lanificio
759 1209 877 1273 victum
896 1210 1021 1295 quaerit.
1047 1213 1178 1275 Homer.
1196 1210 1237 1274 ll.

134 1313 178 1372 Μ.
193 1329 269 1394 433.
285 1311 361 1392 γυνὴ
374 1315 523 1393 χερνῆτις,
540 1310 626 1395 quod
643 1309 794 1394 Virgilius
808 1310 853 1373 ita
872 1311 987 1389 reddit,
994 1313 1239 1399 fimitis-Cui

134 1412 268 1475 tolerare
288 1413 353 1476 colu
368 1414 466 1476 vitam
483 1415 629 1499 tenuique
644 1413 806 1476 Minerva.
833 1414 966 1476 Terent.
982 1414 1086 1477 Andr.
1105 1415 1134 1477 Ι.
1150 1413 1170 1476 i.
1184 1413 1238 1493 48.

134 1514 232 1576 uitam
245 1535 342 1599 parce
356 1535 395 1577 ac
408 1515 535 1577 duriter
549 1516 685 1601 Agebat,
700 1515 776 1576 lurra
792 1535 830 1577 uc
845 1515 907 1577 telo
922 1516 1039 1578 victum
1053 1518 1236 1602 quatitans.

134 1614 269 1678 Archias
283 1614 315 1678 in
330 1615 465 1679 Anthol.
480 1618 512 1692 6,
530 1618 561 1693 8,
578 1637 627 1679 10.
642 1616 682 1680 de
698 1615 798 1680 tribus
817 1615 959 1693 lanificis,
980 1619 1037 1685 Οἶς
1057 1620 1152 1701 ἔσχον
1169 1618 1240 1702 χέρ-

134 1742 207 1795 νητα
228 1719 300 1795 βίον
318 1718 451 1798 δηναιὸν,
463 1717 579 1783 Ἀθάνα
593 1721 721 1792 Πότνια,
737 1717 818 1782 ταῦθ
834 1721 866 1781 αἱ
888 1720 941 1782 σαὶ
964 1720 1013 1782 ool
1034 1718 1130 1783 θέσαν
1153 1718 1240 1801 έργά·

133 1823 220 1885 τιδες.
267 1820 446 1884 Masculino
467 1843 581 1906 genere
609 1819 724 1884 dicitur
744 1820 853 1902 χέρνης
876 1820 924 1882 vel
946 1820 1101 1902 xepvr'rrqr.
1124 1820 1239 1906 Eurip.

134 1918 187 1981 El.
205 1935 279 2003 207.
294 1924 328 1985 έν
342 1922 468 2004 χέρνησι
483 1924 583 2001 δόμοις
599 1922 680 1985 ναίω.
705 1922 880 1985 BLOMF.

177 2022 367 2107 έραστεῦσαι]
392 2024 559 2110 Apparere.
607 2023 744 2086 Verbum
773 2021 847 2086 alibi
869 2022 983 2085 vidisse
1006 2045 1067 2085 nou
1091 2024 1236 2088 memini:

134 2122 288 2186 formatur
303 2138 408 2186 autem
431 2124 472 2187 ab
495 2125 630 2205 ἐραστής,
652 2138 689 2187 ut
709 2124 844 2202 ληστεύω
866 2145 885 2184 a
907 2123 1028 2200 ληστής,
1047 2126 1202 2203 μνηστεύω
1220 2147 1240 2189 α

133 2224 277 2303 μνηστῆς,
293 2240 324 2288 et
340 2224 459 2289 similia.
484 2227 658 2290 BLOMF.

178 2326 251 2408 894.
266 2324 414 2389 Alterum
430 2326 544 2405 μήποτε
557 2326 709 2390 omittunt
724 2324 844 2410 aliquot
860 2324 954 2388 codd.

174 2424 289 2504 μήποτέ
300 2426 344 2512 μ’]
358 2428 463 2507 μήποτ’
479 2428 571 2493 codd.
588 2426 729 2492 nonnulli
743 2441 776 2490 et
792 2425 870 2490 Ald.

178 2529 252 2612 895.
268 2529 410 2593 Iudicavi
424 2529 577 2595 lacunam.
616 2529 781 2593 Excidisse
796 2528 920 2592 videtur
934 2527 1094 2614 epitheton
1109 2528 1239 2615 aliquod

136 2630 316 2703 Parcarum,
332 2668 354 2678 -
369 2664 389 2693 υ
404 2668 448 2693 -.

149 2819 150 2822 ¹
177 2731 296 2815 λεχέων
311 2732 396 2817 Διὸς]
412 2731 486 2799 Διὸς
506 2731 625 2815 λεχέων
642 2731 734 2797 οοάά.
759 2733 912 2818 quinque.
935 2732 1010 2798 Διὸς
1030 2753 1094 2794 om.
1117 2730 1238 2817 aliquot

134 2832 229 2897 codd.
244 2848 277 2898 et
290 2834 370 2898 Ald.
387 2837 492 2897 Turn.

179 2936 252 3018 897.
267 2936 415 3013 πλαθείην
430 2935 480 2998 Μ.
494 2947 527 2996 et
542 2934 671 2996 Barooc.
716 2932 822 3019 Vulgo
835 2936 1016 3012 πλασθείην.

177 3036 302 3121 γαμέτη]
318 3039 353 3100 έν
367 3036 551 3100 C.D.E.M.
567 3033 683 3120 aliique
697 3057 768 3098 cum
785 3035 863 3098 Ald.
882 3036 966 3099 Rob.
983 3037 1087 3099 Turn.

179 3139 251 3222 899.
272 3137 352 3219 μέγα
375 3136 571 3201 Schuetzius.
593 3161 632 3215 με
653 3136 739 3220 γάμιρ
753 3136 833 3200 Ald.
855 3135 941 3219 γάμῳ
962 3135 1033 3199 edd.
1051 3135 1181 3221 reliquae
1194 3151 1236 3215 et,

138 3254 175 3303 ut
190 3240 327 3317 videtur,
342 3239 474 3304 codices.

179 3341 379 3428 δαπτομέναν]
394 3341 418 3406 δ’
435 3341 605 3422 ἁπτομένην
620 3339 697 3403 Ald.

179 3462 255 3525 900.
275 3443 458 3510 δυσπλάνοις
471 3443 570 3507 codex
588 3444 727 3513 Barooc„
744 3438 822 3502 liber
838 3436 1023 3524 Bigotianus
1037 3451 1069 3500 et
1084 3461 1149 3501 var.
1166 3437 1237 3504 lect.

135 3567 189 3630 ap.
206 3544 405 3609 Turnebum.
451 3543 542 3608 Libri
556 3542 667 3628 reliqui
682 3541 914 3623 δοσπλάγχνοις.

179 3649 333 3714 άλατείαις
346 3647 390 3709 D.
436 3645 526 3711 Libri
550 3644 661 3731 reliqui
683 3642 736 3707 alii
758 3642 939 3719 άλατείαισι,
960 3641 1046 3726 quod
1069 3655 1114 3704 est
1136 3640 1167 3703 in
1185 3641 1235 3707 M.

136 3765 168 3813 et
196 3749 295 3826 nob„
323 3747 375 3812 alii
402 3749 564 3820 άλατίαισι,
592 3761 628 3810 ut
653 3744 732 3810 Ald.
760 3743 829 3829 (qui
859 3744 1035 3820 ἁλατίαισι).
1066 3744 1238 3807 άλατίαισιν

138 3852 241 3914 Turn.

179 3949 281 4016 πόνων
294 3972 344 4014 om
362 3952 401 4014 C.
417 3965 448 4014 et
464 3951 568 4013 Turn.

180 4071 253 4137 902.
269 4051 449 4117 Delendum
466 4052 594 4132 ἄφοβος,
611 4049 697 4135 quod
712 4063 759 4112 est
772 4046 925 4133 glossema
939 4044 1083 4130 adjectivi
1099 4044 1222 4124 ὁμαλός.

181 4159 259 4218 θεῶν
272 4154 305 4217 in
319 4153 391 4217 edd.
408 4151 564 4216 veteribus
579 4166 661 4214 recte
675 4149 715 4213 ad
732 4171 855 4211 versum
871 4148 1051 4234 proximum
1066 4146 1210 4210 refertur.

181 4275 255 4340 903.
290 4255 363 4335 ἔρως
390 4268 473 4317 recte
501 4251 617 4315 delevit
647 4249 840 4314 Schuetzius.
886 4251 946 4313 Est
974 4248 1056 4312 enim
1084 4248 1237 4334 glossema

139 4356 353 4442 proximorum
372 4354 537 4419 verborum
553 4355 685 4434 άφνκτον
700 4355 788 4431 ὄμμα.

179 4455 361 4537 προσδράκοι
384 4453 548 4519 Salvinius.
571 4453 751 4535 προσδάρκοι
774 4453 824 4516 Μ.
846 4450 1016 4535 προσδράκη
1037 4451 1121 4516 Rob.
1145 4476 1237 4532 προσ-

677 4576 695 4616 r
