2978 5062
299 353 368 416 AD
392 355 583 419 SEPTEM
608 355 856 418 ADVERSUS
880 356 1083 419 THEBAS.
1179 357 1243 422 133

144 531 190 581 est
207 517 359 604 Hesychii
380 519 483 604 glossa
496 518 603 593 Ἐνυὼ,
619 522 764 601 πολεμικὴ
787 521 849 585 θεό.
872 523 890 600 ἡ
910 520 1000 604 μόχη.
1024 522 1089 585 ἐστὶ
1110 524 1143 584 δὲ
1164 529 1243 586 πλα·

144 619 218 682 στὸν
239 621 410 699 πρόσωπον,
431 621 471 686 ὡς
493 623 606 699 Φόβος,
630 625 678 686 καὶ
693 622 778 704 Ἔρις
795 624 843 687 καὶ
863 625 1017 703 Κυδοιμός.
1049 625 1182 688 Coruut.
1202 623 1243 688 de

144 722 220 796 Nat.
236 719 332 783 Deor.
348 744 380 807 p.
394 723 448 805 56.
461 720 558 785 Ἐνυὼ
571 725 600 786 ol
612 725 669 802 plu
682 723 806 805 τροφὸν,
821 727 851 787 σί
872 727 904 787 δὲ
921 724 1041 805 μητέρα,
1057 727 1087 788 σί
1105 727 1138 789 δὲ
1153 730 1244 807 θυγα-

144 822 215 903 τέρα
225 820 340 904 Ἀρεως
354 823 540 905 παρέδωκαν.
560 821 656 888 Ἐνυὼ
672 824 705 888 δέ
720 828 802 890 ἔστιν
813 825 831 904 ἡ
844 827 966 889 θνιοΰσα
980 825 1074 904 θυμόν
1085 827 1132 889 καὶ
1147 828 1243 906 ἀλκὴν

144 929 204 990 τοῖς
223 925 412 1006 μαχομένοις.
459 926 583 1002 Facete,
601 942 636 988 ut
651 925 750 989 solent
764 925 947 1012 Etymologi
971 942 1099 1002 veteres,
1114 949 1242 991 consen-

144 1024 240 1089 tiente
254 1028 364 1113 Etym.
381 1027 430 1089 M.
446 1049 478 1113 p.
493 1044 570 1111 347,
583 1042 636 1111 53.
669 1026 819 1091 Scholia
836 1026 928 1090 Iliad.
944 1032 980 1089 E.
994 1045 1068 1110 333.
1084 1026 1190 1102 Ἐνυὼ,
1206 1031 1242 1108 ἧς

144 1129 174 1190 ol
195 1128 331 1209 νεότεροι
352 1130 469 1207 ποιιγταὶ
490 1129 556 1192 νίον
582 1128 661 1192 είναί
679 1138 758 1209 φασι
779 1129 833 1193 τὸν
850 1127 956 1209 Ἀρεα.
994 1127 1050 1192 Ab
1076 1130 1133 1193 lvo
1152 1129 1242 1195 ducit

144 1226 238 1292 schol.
254 1231 365 1293 Venet.
379 1228 412 1291 in
429 1227 521 1293 Iliad.
539 1235 570 1293 P.
587 1249 660 1294 211.
684 1230 860 1295 BLOMF.

187 1332 307 1415 Φόβον]
333 1330 448 1394 Martis
469 1330 569 1394 filium
583 1355 602 1394 e
620 1354 786 1419 congressu
803 1331 932 1396 Veneris
953 1345 1080 1395 natum:
1105 1331 1239 1396 Hesiod.

145 1431 310 1518 Theogon.
325 1455 356 1494 v.
372 1450 445 1516 932.

700 1567 792 1649 αὐτὰρ
801 1566 893 1650 Ἀρηῖ

228 1659 384 1748 Ῥινοτόριρ
399 1664 544 1746 Κυθέρεια
557 1668 665 1744 Φόβον
679 1668 728 1731 καὶ
743 1673 857 1747 Δεῖμον
872 1668 994 1732 ἔτικτεν.

144 1834 192 1896 At
206 1830 382 1896 scholiastes
397 1847 502 1897 noster
516 1840 552 1897 A.
578 1835 694 1899 Martis
708 1858 831 1899 servum
847 1853 1019 1923 nuncupat.
1044 1838 1168 1901 STAN
1172 1838 1213 1902 L.

186 1936 240 2013 46.
256 1934 459 2018 κατασκαφὰς]
476 1940 673 2017 κατασφαγεὶς
687 1938 727 2000 Β.
742 1959 814 2000 cum
831 1960 895 2001 var.
910 1936 980 2002 lect.
996 1939 1196 2020 κατασκαφάς.

186 2053 238 2117 47.
253 2035 402 2099 Eundem
418 2036 483 2100 fera
498 2058 621 2100 versum
633 2037 729 2102 habes
742 2037 824 2102 infra
837 2054 913 2125 531.
938 2039 1113 2103 BLOMF.

184 2139 238 2216 48.
253 2136 353 2221 τήνδε]
372 2139 486 2218 πρόσθε
503 2137 655 2201 Stobaeus.

185 2258 237 2321 49.
260 2239 401 2322 μνημεῖα]
419 2243 528 2318 σημεῖα
550 2237 703 2303 Stobaeus.
729 2245 877 2318 Μνημεῖα.
899 2244 936 2302 τὸ
950 2242 1050 2304 οἴκαδε
1064 2244 1239 2321 πεμπόμενα

143 2339 200 2402 ὑπὸ
228 2345 287 2403 τῶν
312 2341 347 2403 ἓν
374 2338 496 2422 πολέμῳ
524 2342 775 2419 τετελευτηκότων
801 2347 868 2409 ποῖς
896 2343 1022 2410 οἰκείοις.
1046 2341 1237 2428 Hesychius,

143 2440 227 2505 hunc
242 2442 344 2505 locum
359 2440 534 2527 respiciens.
559 2440 664 2504 Schol.
681 2441 746 2505 haec
760 2441 804 2506 ait
817 2441 922 2521 fuisse,
938 2445 1075 2524 περόνας,
1090 2441 1109 2523 ἢ
1124 2445 1238 2527 τρίχας,

142 2545 161 2623 ἥ
182 2568 210 2607 τι
232 2548 374 2607 τοιοῦτον.
398 2543 466 2609 ἔθος
490 2545 548 2624 γὰρ
569 2543 607 2621 ἣν
629 2543 697 2610 τοὺς
722 2545 756 2608 ἓν
781 2544 903 2628 πολέμῳ
929 2548 1153 2627 (τελευτῶντας)
1176 2551 1239 2613 τοῖς

142 2647 259 2713 οἰκείοις
279 2644 407 2725 πέμπειν
427 2649 544 2724 σημεῖα,
565 2645 703 2724 περόνας,
728 2643 746 2724 ἦ
766 2651 889 2720 ταινίας,
911 2644 930 2726 ἢ
952 2649 1152 2730 βοστρύχους,
1170 2647 1191 2726 ἥ
1210 2671 1238 2710 τι

142 2750 284 2809 τοιοῦτον.
329 2746 448 2808 Forsan
471 2744 681 2831 supplendum
704 2753 912 2814 τελευτῶντος.
950 2747 1056 2834 Vulgo
1078 2745 1239 2829 σημεῖα,ἢ

142 2851 279 2928 περόνας.
317 2847 372 2910 Ad
395 2870 460 2910 rem
484 2847 597 2933 Eurip.
614 2848 687 2934 Iph.
705 2850 805 2912 Taur.
819 2850 891 2914 820.
909 2852 950 2914 Τί
968 2850 1045 2931 γόρ;
1070 2853 1162 2930 κόμας
1184 2852 1240 2917 σλς

141 2950 228 3030 μητρὶ
249 2953 343 3012 δοῦσα
358 2950 397 3028 σῇ
420 2949 543 3031 φέρειν;
568 2950 707 3030 Μνημεῖό
729 2953 759 3033 γ’
775 2953 841 3016 ἀντὶ
856 2953 992 3031 σώματος
1012 2953 1121 3032 τούμοῦ
1143 2951 1237 3037 τόφιρ.

143 3053 315 3116 BLOMF.

184 3153 223 3238 θ’]
241 3153 264 3216 δ’
282 3153 435 3217 Stobaeus.

187 3258 228 3322 εἰς
243 3255 292 3317 Μ.
308 3269 339 3318 et
355 3254 509 3318 Stobaeus.
548 3252 653 3338 Vulgo
668 3256 709 3330 ἐς,
723 3254 808 3339 quod
825 3256 1045 3320 revocandum.

184 3376 237 3441 50.
252 3358 338 3440 πρὸς]
355 3357 429 3437 πρὸς
443 3355 467 3420 δ’
482 3355 602 3441 aliquot
615 3354 708 3419 codd.
725 3370 756 3418 et
771 3355 854 3418 Rob.

186 3458 264 3542 ἃρμ’]
280 3457 382 3538 ἅρματ’
397 3457 517 3544 aliquot
527 3456 618 3521 codd.

184 3559 302 3644 χερσὶν]
317 3565 420 3642 χεροῖν
434 3558 553 3644 aliquot
567 3557 659 3622 codd.
674 3570 706 3621 et
720 3556 798 3621 Ald.
816 3557 901 3622 Rob.

185 3677 238 3744 51.
254 3664 302 3723 διὰ
317 3659 425 3744 στόμα]
441 3664 488 3723 διὰ
503 3661 650 3738 στόματος
666 3660 710 3723 Ν.
732 3662 790 3723 ἀνὰ
806 3663 903 3740 στόμα
919 3661 1071 3724 Stobaeus.

185 3777 237 3844 52.
252 3760 385 3844 ἀνδρείᾳ]
402 3762 506 3844 ἀνδρία
519 3759 618 3823 codex
635 3783 725 3824 unus.

184 3881 235 3946 53.
248 3860 326 3941 Ἀρη
343 3863 391 3924 Μ.
407 3877 438 3925 et
455 3862 608 3925 Stobaeus.
631 3861 737 3948 Vulgo
746 3861 851 3942 Ἀρην.

184 3984 238 4047 54.
254 3964 358 4047 τῶνδε]
373 3965 447 4047 τῷδε
464 3963 617 4026 Stobaeus.

185 4068 303 4149 πύστις]
321 4066 468 4129 Auditus.
493 4064 635 4150 Hesych.
650 4067 771 4130 Πύστις·
796 4066 946 4145 ἐρώτησις,
969 4068 1082 4138 πεῦσις,
1099 4067 1237 4146 ἀγγελία,

142 4169 223 4246 ἀκοή.
258 4167 373 4231 Ilan'or
388 4190 449 4230 vox
465 4181 521 4230 est.
546 4165 696 4251 Thucyd.
716 4186 744 4242 1,
758 4184 788 4248 5.
812 4169 865 4232 τὰς
879 4166 999 4234 πύστεις
1021 4173 1079 4230 τῶν
1094 4176 1239 4233 καταπλε-

142 4270 245 4342 όντων,
262 4270 537 4354 intcrrogatimtes.
570 4266 736 4352 Philippus
752 4266 1036 4331 Thessalonicensis
1049 4267 1135 4353 apud
1149 4267 1238 4334 Suid.

141 4391 172 4430 v.
200 4368 339 4434 Πύοτεις.
366 4368 483 4431 Πύστιν
509 4363 568 4429 κατ’
593 4365 708 4443 ἐσθλὴν
731 4368 837 4433 ὕδατος
862 4368 1005 4430 παιωνίου
1026 4364 1147 4432 Ἦλθίν
1171 4368 1238 4433 ποθ

143 4469 308 4550 ἑρπύζουσα
322 4469 379 4533 σὺν
394 4468 480 4550 δρυὸς
502 4469 588 4553 ξύλῳ.
610 4467 647 4531 οό
655 4467 788 4550 somam
810 4489 902 4554 σανα»
923 4469 1129 4533 πισθίσόπαὶὶσ.
1166 4468 1239 4533 Vid.
