2978 5062
256 325 300 389 14
672 324 945 389 PRAEFATIO.

256 493 479 564 diffitendum
505 502 626 564 tamen
653 503 708 564 est
737 516 902 586 magnam
932 515 1082 585 eamque
1112 492 1355 564 difficillimam

255 609 417 680 relictam
442 609 488 679 ab
513 609 583 677 illis
604 630 680 678 esse
705 608 834 678 laboris
856 615 1015 698 partem:
1046 609 1092 677 de
1117 631 1187 699 quo
1213 631 1280 700 ego
1305 611 1357 678 ita

256 725 369 793 sentio
387 733 515 793 utnon
532 734 606 793 tam
624 723 931 814 reprehendendos
954 744 1031 792 esse
1053 731 1178 814 putem
1202 723 1356 792 editores

256 841 350 930 quod
376 839 528 931 plurima
548 837 605 907 vel
631 836 839 929 imperfecta
863 835 1069 927 reliquerint
1086 837 1153 918 vel,
1174 838 1268 928 quod
1293 860 1357 907 sae-

255 954 398 1046 pissime
415 955 554 1035 accidit,
572 959 737 1042 corrupta
754 960 792 1020 et
808 951 957 1020 obscura
973 973 1019 1020 ne
1041 951 1355 1021 animadverterint

255 1070 409 1159 quidem,
428 1092 534 1160 quam
552 1067 745 1137 laudandos
762 1067 856 1157 quod
882 1074 1023 1135 tantum
1050 1067 1196 1158 quisque
1221 1069 1355 1159 praesti-

255 1185 340 1253 terit
365 1193 537 1275 quantum
562 1204 627 1274 pro
649 1181 777 1250 virium
802 1204 944 1251 suarum
968 1183 1075 1251 modo
1101 1191 1266 1273 praestare
1292 1206 1355 1275 po-

255 1298 377 1367 tuerit.

306 1411 362 1480 De
388 1409 528 1480 scholiis
553 1409 694 1493 Graecis,
719 1432 765 1480 ex
793 1409 919 1501 quibus
944 1410 1102 1480 locorum
1133 1413 1352 1503 quomndam

253 1526 520 1595 emendationes
549 1526 751 1617 petiverunt
780 1525 962 1607 editorem,
989 1527 1154 1617 quoniam
1184 1549 1248 1596 suo
1274 1526 1353 1596 loco

255 1639 465 1732 explicatius
489 1641 558 1708 erit
584 1641 782 1720 dicendum,
798 1661 912 1730 pauca
935 1663 1029 1710 nuno
1053 1643 1232 1711 monuisse
1258 1641 1354 1712 suffi-

254 1756 336 1827 ciat.
387 1754 527 1824 Primus
548 1755 610 1824 illa
629 1755 741 1825 edidit
763 1754 969 1824 Franciseus
986 1755 1215 1826 Robortellus
1231 1755 1353 1827 Vene-

255 1870 313 1939 tiis
338 1893 369 1939 a.
385 1890 478 1960 1552.
502 1869 655 1939 Mariani
682 1868 814 1939 Savelli
839 1869 1062 1960 potissimum
1087 1872 1221 1954 codice,
1245 1894 1350 1963 quem

254 1984 290 2053 in
314 1985 380 2054 hac
406 2008 547 2077 quoque
572 1993 673 2077 porte
697 1983 849 2053 similem
868 1983 1035 2054 Mediceo
1052 1985 1160 2055 fuisse
1184 1984 1352 2078 intelligi·

253 2121 342 2182 mus,
368 2099 515 2192 aliisque
540 2099 718 2169 nonnullis
745 2100 852 2168 trium
879 2100 1070 2190 primarum
1100 2101 1350 2192 tragoediarum

253 2215 513 2307 exemplaribus
529 2217 580 2284 ita
596 2237 680 2284 usus
697 2223 739 2285 ut
756 2215 870 2284 multa
890 2237 969 2304 quae
992 2213 1132 2284 inutilia
1148 2214 1352 2285 viderentur

252 2341 435 2402 resecaret.
488 2331 592 2401 Hanc
622 2329 870 2401 collectionem
898 2328 1081 2399 Victorius
1104 2330 1280 2421 repetivit,
1304 2352 1350 2399 ex

252 2446 374 2516 codiee
388 2447 555 2517 Mediceo
568 2456 606 2515 et
623 2439 783 2514 aliundef
799 2444 1023 2514 emendatam
1036 2453 1074 2513 et
1088 2444 1350 2537 locupletatam,

251 2561 469 2630 diversorum
494 2571 615 2630 tamen
642 2560 806 2628 codicum
835 2558 985 2640 scholiis,
1012 2560 1072 2651 qui
1103 2570 1179 2630 erat
1208 2546 1354 2631 illomm

252 2652 330 2745 mos
355 2684 565 2766 temporum,
591 2698 663 2744 non
693 2674 877 2743 distinctis.
928 2671 989 2743 Ad
1019 2673 1094 2743 haec
1121 2677 1347 2766 postmodum

253 2814 344 2860 nova
373 2800 595 2861 accesserunt
624 2789 836 2860 scholiorum
860 2789 905 2858 ad
934 2798 1007 2858 tres
1036 2790 1165 2881 primas
1193 2792 1350 2896 maxime

252 2905 389 2975 fabulas
406 2915 597 2997 augmenta
614 2927 659 2974 ex
683 2905 811 2974 infimae
834 2905 946 2974 aetatis
971 2905 1151 2975 codicibus
1175 2906 1222 2975 ab
1245 2906 1351 2976 Stan-

252 3020 332 3101 1οἰ0,
354 3020 503 3090 Butlero
525 3030 562 3090 et
582 3020 730 3090 Faehsio
756 3028 933 3113 congesta.
985 3020 1145 3102 Quomm
1172 3021 1349 3091 editorum

291 3191 306 3222 θ
327 3181 414 3237 Conf.
430 3191 529 3238 annot.
545 3179 581 3237 ad
598 3179 745 3238 Prometh.
760 3180 831 3237 601.
847 3180 929 3256 Sept.
946 3199 1014 3256 523.
1028 3182 1098 3256 667.
1115 3181 1196 3240 Pers.
1212 3184 1262 3257 63.
1279 3184 1348 3257 819.

251 3276 357 3355 Agum.
376 3295 460 3334 1111.
474 3277 560 3349 1148.
575 3275 705 3353 Chocph.
719 3276 784 3350 163.
801 3277 867 3351 787.
884 3293 953 3351 971.
969 3277 1058 3335 Eum.
1074 3279 1141 3336 260.
1157 3279 1261 3357 Suppl.
1276 3281 1347 3355 363.

250 3392 319 3448 443.
335 3374 403 3432 881.
447 3371 551 3430 Paullo
564 3371 681 3446 majoris
694 3372 833 3429 momenti
848 3382 917 3430 sunt
931 3392 1003 3448 quas
1016 3372 1143 3432 editores
1156 3394 1191 3432 011
1206 3395 1349 3452 gramma·

250 3470 315 3528 ticis
338 3470 460 3545 aliisque
484 3467 673 3546 scriptoribus
694 3467 827 3525 fecerunt
851 3467 980 3525 locorum
1004 3471 1186 3546 quorundam
1213 3474 1348 3530 emenda.

250 3565 354 3624 tiones.
396 3565 435 3621 V.
457 3563 493 3621 ad
517 3563 666 3620 Prometh.
691 3581 717 3619 2.
737 3563 766 3620 6.
789 3581 838 3637 59.
855 3582 919 3640 150.
937 3563 1007 3638 438.
1023 3566 1091 3636 461.
1107 3567 1177 3644 609.
1194 3569 1262 3643 850.
1279 3569 1348 3643 877.

251 3658 335 3738 Sept.
360 3677 427 3734 227.
450 3657 719 3735 1131111108111.
737 3677 802 3730 141.
826 3660 893 3719 281,
918 3663 1194 3738 18413561624.
1217 3666 1348 3744 Choeph.

250 3771 319 3832 350.
337 3772 405 3831 773.
428 3751 532 3830 Suppl.
548 3752 617 3810 682.
633 3752 701 3829 885.

289 3851 303 3894 f
324 3851 441 3910 Scholia
468 3848 609 3907 nonnulla
636 3850 672 3908 ab
701 3849 834 3908 Victorio
861 3851 925 3929 ipso
949 3854 1108 3931 composita
1135 3875 1198 3914 ease
1224 3859 1348 3934 conjecit

248 3948 414 4007 Abrensius
434 3967 463 4025 p.
483 3961 514 4021 5,
535 3955 613 4003 recte
637 3945 778 4004 fortasse:
802 3964 967 4023 quanquam
987 3968 1052 4025 quae
1074 3951 1176 4010 attulit
1196 3955 1348 4012 sententia

249 4064 309 4103 sua
333 4042 507 4101 documenta
530 4039 578 4115 (ex
601 4041 689 4100 schol.
715 4041 752 4099 ad
775 4041 880 4120 Suppl.
900 4060 928 4101 1.
945 4062 970 4101 1.
994 4047 1127 4122 ἀφίκτωρε
1152 4053 1237 4104 ἱκετῶν
1256 4052 1347 4124 ἔφορος.

253 4159 297 4197 12.
313 4143 468 4213 στασίαρχος
479 4160 487 4195 ι
512 4142 556 4206 τῆς
569 4142 716 4203 συστάσεως
729 4139 796 4211 ἡμῶν
808 4137 899 4212 ἅρχων.
920 4147 1092 4214 000011071811
1117 4146 1161 4200 rial
1174 4149 1263 4200 τούτων
1277 4156 1346 4218 λογι-

248 4238 350 4308 ζόμνος,
384 4250 433 4306 41.
458 4233 558 4308 oeo'pm:
585 4236 625 4290 011
647 4230 771 4309 ”Dama
814 4251 864 4306 42.
889 4240 1012 4312 rqm‘opa:
1042 4239 1149 4306 βοηθόν.)
1173 4238 1246 4297 falsa
1268 4254 1348 4301 sunt.

248 4330 328 4388 Nam
342 4328 392 4386 illc
405 4329 502 4386 omnia
516 4350 570 4406 ego
584 4348 620 4387 cx
634 4327 733 4386 codice
747 4327 883 4388 Mediceo
897 4341 1036 4391 annotata
1049 4333 1141 4392 habeo
1160 4334 1347 4415 indidemque

248 4426 372 4504 sumpsit
385 4424 543 4484 Victorius.
