2978 5062
310 345 378 408 ΑΙ)
402 345 595 410 SEPTEM
619 346 868 411 ADVERSUS
892 347 1093 413 THEBAS.
1191 349 1254 416 129

154 511 292 577 senibus.
325 513 502 578 BLOMF.
540 515 667 596 γέροντα
704 517 777 578 ὄντα
813 514 948 601 explicat
977 514 1156 580 scholiasta:
1191 538 1256 601 quo

153 628 248 700 pacto
261 614 318 700 qui
333 614 443 701 optimi
458 614 623 679 bellatores
645 630 729 692 sunt,
748 617 881 701 juvenes
895 631 926 680 et
943 617 1012 694 viii,
1027 617 1255 681 omitterentur.

154 717 297 780 BOTH.

200 835 250 882 ιν.
273 818 467 901 βλάστηρον]
484 819 764 905 Germen,florcm.
802 820 853 881 De
874 820 961 904 prole
982 819 1095 907 Suppl.
1111 839 1184 903 317·
1201 818 1255 882 τίν’

154 919 208 982 οὖν
223 917 263 981 ἔτ’
279 920 377 983 ἄλλον
391 923 483 997 τῆσδε
496 919 677 999 βλάστημον
690 918 810 1001 leyen
835 920 1010 984 BLOMF.
1042 918 1103 996 Qui
1118 926 1256 998 βλαστη-

153 1021 211 1099 μδν
227 1021 373 1099 ὀξυτόνως
387 1019 520 1105 scripsit,
535 1034 630 1100 recte,
645 1036 681 1084 ut
697 1021 831 1085 videtur.

200 1141 248 1204 13.
269 1122 350 1201 ὥραν
369 1119 394 1183 τ’
410 1120 510 1203 ἔχονθ’
527 1121 667 1206 ἕκαστον]
690 1124 781 1186 Duas
802 1122 1072 1208 interpretationes
1092 1120 1257 1207 proposuit

154 1220 331 1298 scholiasta,
354 1244 488 1308 quarum
513 1222 611 1286 altera
636 1222 677 1285 ad
704 1223 793 1302 ὥραν,
818 1224 916 1286 altera
941 1222 981 1285 ad
1005 1224 1086 1303 ὤραν
1110 1223 1256 1300 refertur,

154 1325 308 1404 φροντίδα,
331 1325 461 1402 ἡλικίαν·
486 1321 522 1386 ἵν’
543 1321 562 1402 ᾖ
583 1327 600 1386 ὁ
623 1330 703 1402 νοῦς,
725 1325 853 1388 ἕκαστον
874 1326 955 1403 ὑμῶν
979 1323 1090 1406 ἔχοντα
1112 1324 1257 1404 φροντίδα

153 1429 205 1502 τῆς
226 1427 354 1501 πόλεως,
369 1423 387 1503 ἢ
403 1426 532 1489 ἕκαστον
548 1429 622 1488 κατὰ
636 1425 691 1503 τὴν
708 1426 828 1504 ἡλικίαν
844 1428 950 1489 ἑαυτοῦ
972 1429 1098 1503 βοηθεῖν
1112 1429 1147 1504 τῇ
1169 1427 1258 1490 πόλει

155 1527 195 1593 ὡς
208 1526 324 1608 πρέπον
339 1528 415 1591 ἐστί.
462 1527 669 1591 Posteriorem
690 1527 976 1614 interpretationem
992 1527 1134 1612 sequitur
1150 1527 1256 1591 Blam-

153 1625 277 1703 lieldus‚
289 1626 344 1712 qui
364 1627 432 1691 haec
453 1627 497 1692 sie
512 1627 660 1704 reddidit,
675 1639 706 1692 et
719 1650 979 1715 unamquemque,
992 1629 1162 1692 secundnm
1177 1638 1256 1692 ceta·

154 1737 215 1791 tent
243 1750 339 1814 quom
367 1729 470 1806 ἀοδον,
494 1732 596 1793 modis
620 1733 706 1794 orata·
732 1731 959 1806 consentaneis,
986 1731 1150 1813 opitulari.
1196 1731 1259 1795 Sed

155 1829 236 1910 ὥραν
251 1830 361 1912 ἔχοντα
382 1853 445 1894 non
468 1831 620 1918 significat
642 1832 812 1894 sectandum
831 1840 955 1894 aetatem
971 1853 1066 1917 qnam
1087 1831 1188 1907 nnbat,
1203 1830 1257 1894 sed

154 1940 278 1995 oemtern
299 1932 469 1996 labentem.
516 1935 615 1995 Recte
637 1931 765 1994 sensisse
787 1931 935 1994 videntur
956 1931 1012 2016 qui
1032 1933 1112 2011 ὤραν
1130 1931 1257 2017 scripse·

155 2047 248 2097 runt:
271 2056 336 2118 quo
352 2050 478 2119 recepto
495 2033 628 2097 delenda
650 2059 682 2097 τε
705 2035 818 2120 copula
839 2050 897 2111 est,
912 2055 978 2119 qua
998 2049 1104 2097 carent
1126 2035 1257 2112 A.B.N,

154 2149 186 2197 et
200 2134 341 2219 quinque
355 2134 407 2199 alii
423 2134 514 2199 codd.
532 2153 563 2199 et
579 2135 663 2198 Rob.

199 2234 222 2297 r'
238 2234 337 2318 ἔχονθ’
355 2237 483 2300 ἕκαστον
503 2238 554 2300 Μ.
579 2236 706 2322 aliique,
722 2236 869 2323 idemque
889 2235 989 2310 uoluit
1004 2237 1187 2315 Turnebus,
1203 2259 1257 2300 cu·

150 2336 206 2422 jus
228 2337 260 2400 in
284 2336 420 2400 editione
446 2337 471 2400 θ’
497 2338 598 2421 ἔχονθ’
624 2339 752 2402 ἕκαστον
778 2353 826 2402 est
849 2361 1039 2425 expressum.
1077 2336 1103 2401 θ’
1130 2338 1258 2401 ἕκαστον

156 2439 267 2522 ἔχοντα
281 2438 358 2502 Ald.
382 2440 511 2504 ἕκαστον
523 2440 642 2523 ἔχοντα,
660 2439 774 2502 omisso
789 2438 826 2513 θ’,
844 2440 952 2525 Mosq.
967 2439 1033 2503 duo
1047 2454 1079 2503 et
1094 2439 1178 2502 Rob.

200 2540 279 2604 ὥστε
302 2541 341 2604 B.
363 2563 383 2603 a
403 2556 584 2605 correctore.
619 2542 724 2627 Vulgo
739 2543 777 2608 ὥς
791 2568 830 2605 τι.
861 2543 901 2607 ὥς
915 2567 959 2608 τις
974 2543 1016 2605 Ε.
1033 2556 1065 2605 et
1080 2543 1185 2627 Mosq.
1209 2563 1255 2604 se·

155 2639 287 2704 cundus.

204 2761 252 2821 14.
268 2743 356 2805 πόλει
370 2741 395 2804 τ’
412 2741 546 2827 ἀρήγειν]
561 2745 651 2807 πόλιν
665 2743 689 2807 τ’
703 2746 834 2827 ἀγείρειν
850 2749 887 2810 C.

202 2861 249 2928 15.
287 2844 644 2931 τιμὰς-ἐξαλειφθῆναι]
687 2847 728 2910 ld
757 2865 804 2913 est
832 2851 911 2913 ὥστε
943 2853 1079 2929 τιμδς-.
1126 2848 1256 2911 Monuit

157 2944 326 3010 Heathius.

204 3049 252 3110 16.
268 3045 398 3132 τέκνοις]
414 3045 546 3109 τέκνοισι
559 3046 678 3131 aliquot
693 3047 785 3110 codd.
800 3064 832 3112 et
849 3050 922 3114 Ald.

199 3152 236 3229 γῇ
257 3173 290 3212 τε
312 3150 409 3228 μητρὶ,
435 3147 565 3229 φιλτάτῃ
589 3149 701 3234 τροφῷ]
727 3150 866 3215 Telluris
890 3157 1089 3234 κουροτρόφου
1116 3152 1257 3216 meminit

155 3252 329 3318 Pausanias
347 3271 376 3329 1,
392 3267 444 3326 22,
459 3269 491 3334 3.
505 3264 537 3313 et
554 3248 686 3314 Proclus
707 3251 738 3313 in
755 3251 913 3315 Timaeum
931 3254 1055 3315 Comm.
1070 3274 1119 3331 4.:
1147 3255 1194 3317 καὶ
1217 3255 1256 3320 ὡς

155 3355 212 3431 μὲν
226 3352 337 3434 τροφὸς
358 3351 412 3429 τὴν
428 3352 670 3433 τελεσιουργικδν
683 3359 814 3432 μιμεῖται
833 3352 926 3431 τάξιν,
943 3351 1006 3416 καθ’
1021 3352 1059 3430 ἣν
1072 3355 1119 3416 καὶ
1132 3353 1256 3435 πάτριον

154 3453 323 3534 Ἀθηναίοις
338 3455 551 3534 Κουροτρόφου
566 3453 656 3531 αὐτὴν
670 3456 783 3533 ὑμνεῖν.
830 3453 960 3518 Suidas:
986 3457 1193 3536 Κουροτρόφος
1206 3459 1255 3536 γῆ

155 3557 246 3634 ταύτῃ
260 3557 294 3618 δὲ
309 3559 398 3618 θῦσαι
412 3555 491 3635 φασὶ
511 3554 545 3617 τδ
560 3560 676 3635 πρῶτον
690 3553 879 3637 Ἐριχθόνιον
894 3557 928 3619 έν
943 3556 1104 3635 ἀκροπόλει
1127 3555 1174 3617 καὶ
1191 3562 1253 3633 βω-

155 3658 213 3738 μδν
227 3659 413 3738 ἱδρύσασθαι,
429 3655 518 3737 χάριν
532 3657 710 3720 ἀποδιδόντα
731 3660 766 3734 τῇ
788 3660 828 3742 γῇ
850 3663 909 3721 τῶν
927 3658 1082 3739 τροφείων·
1108 3660 1253 3735 καταστῆ-

155 3785 208 3823 σαι
222 3760 254 3822 δὲ
268 3760 403 3838 νόμιμον,
418 3758 485 3825 τοὺς
499 3757 623 3825 θόοντάς
636 3782 694 3821 τινι
709 3760 767 3844 θεῷ
782 3761 872 3845 ταύτῃ
886 3761 1035 3841 προθύειν.
1060 3758 1183 3822 STAN
1187 3758 1228 3821 L.

201 3881 248 3942 17.
265 3858 295 3943 ἡ]
310 3858 328 3937 ἣ
343 3857 415 3922 edd.
431 3872 506 3922 vett.
523 3874 565 3935 et,
580 3874 616 3922 ut
631 3858 766 3938 videtur,
782 3861 911 3926 codices.
934 3863 954 3925 δ
968 3863 1013 3924 Α.

202 3962 249 4022 18.
274 3959 479 4044 πανδοκοῦσα]
498 3960 625 4022 Omnem
641 3964 805 4047 recipient.
845 3962 926 4026 Satis
947 3962 1026 4025 bene
1047 3959 1140 4023 schol.
1156 3959 1241 4023 πόντι

155 4060 208 4125 τὸν
222 4064 316 4125 πόνον
331 4064 382 4139 τῆς
395 4065 528 4138 παιδικῆς
541 4062 657 4139 ἡλικίας
675 4062 751 4140 (imo
764 4068 814 4142 τῆς
828 4066 1023 4142 παιδεύσεως)
1039 4062 1253 4144 ὑποδεχομένη.

156 4162 331 4225 BLOMF.

202 4283 249 4346 19.
274 4265 507 4347 ἀσπιδηφόρους]
533 4266 754 4346 ἀσπιδοφόρους
775 4266 857 4330 Rob.
904 4263 1053 4329 Notanda
1072 4263 1254 4349 exquisitior

155 4365 347 4429 attractionis
360 4365 462 4428 forma
476 4365 508 4427 in
524 4365 626 4428 verbis
641 4368 863 4449 ἀσπιδηφόρους
884 4368 1006 4433 πιστοὺς
1021 4368 1101 4432 όπως
1113 4365 1254 4447 γένοισθε

696 4488 715 4528 τι
