2978 5062
312 342 381 407 AD
404 340 595 406 SEPTEM
619 339 869 405 ADVERSUS
891 338 1095 404 THEBAS.
1192 338 1257 408 189

200 507 276 591 568.
299 505 552 589 σωφρονέστατον
574 505 624 569 Μ.
652 504 899 588 σωφρονέστερον
920 503 1026 591 vulgo.
1050 529 1122 570 ατον
1143 527 1255 592 super·

158 606 307 694 scriptum
324 607 356 670 in
372 607 472 671 Paris.
485 605 621 670 duobus.

199 725 273 793 570.
289 727 364 792 571.
378 731 439 772 orn.
456 710 584 772 Barocc.
599 722 631 772 et
645 707 724 772 Ald.

198 829 275 896 570.
308 809 509 895 Ὁμολωίσιν]
542 809 713 874 Proetidem
742 824 864 896 portam
895 811 1090 898 Amphiarao
1118 812 1255 900 assignat

157 913 329 1000 Euripides
344 915 562 979 Phoeu.11ao.
587 915 685 978 SCH.

198 1030 274 1101 572.
291 1016 510 1100 ἀνδροφόντην]
529 1017 678 1102 Tydeum
694 1013 790 1079 caedis
808 1028 994 1101 perpetratae
1008 1036 1101 1079 causa
1115 1014 1253 1081 exsulem

158 1118 265 1203 Argos
278 1115 465 1204 confugisse,
482 1139 633 1182 consensu
649 1131 794 1181 narratur
807 1138 826 1180 a
840 1114 1052 1202 scriptoribus.
1094 1093 1253 1195 Qitosnam

157 1241 232 1282 vero
253 1216 408 1296 occiderit,
431 1217 614 1304 ambiguum
637 1231 694 1282 est.
739 1216 900 1282 Diodorus
923 1217 1046 1283 Siculus
1068 1220 1254 1308 Lycopeum

158 1335 190 1384 et
216 1318 418 1397 Alcathoum,
444 1319 513 1405 ejus
537 1317 703 1403 patrueles,
733 1319 882 1383 nominat.
926 1319 1123 1404 Apollodoro
1148 1337 1274 1387 autem·

158 1434 247 1501 teste,
262 1421 403 1498 fuerunt,
418 1420 474 1508 qui
494 1422 594 1486 solum
610 1420 803 1486 Alcathoum
819 1420 916 1486 OEnei
933 1421 1074 1500 fratrem,
1089 1422 1152 1502 alii,
1167 1423 1256 1490 velut

159 1523 383 1589 Alomaeouidis
397 1525 539 1611 scriptor,
554 1523 611 1610 qui
625 1546 697 1588 eum
710 1522 844 1587 Melania
854 1523 933 1587 filios
946 1525 1053 1588 OEneo
1062 1524 1255 1606 insidiantes,

159 1649 272 1713 nempe
294 1627 464 1706 Phineum,
486 1626 676 1714 Euryalum,
697 1627 907 1716 Hyperlaum‚
924 1626 1114 1705 Antiochen,
1134 1630 1254 1694 Eume·

158 1729 230 1806 deu,
247 1731 443 1816 Sternopem,
459 1728 684 1815 Xanthippum
706 1751 743 1793 ac
767 1728 971 1802 Sthenelum3
994 1728 1056 1804 alii,
1079 1744 1115 1794 ut
1135 1729 1254 1795 Phere-

157 1832 264 1919 cydes,
283 1832 338 1919 qui
360 1832 463 1919 ipsum
481 1829 628 1896 Olenium
650 1830 778 1894 fratrem
802 1853 893 1895 suum
916 1831 1063 1896 occidisse
1085 1832 1253 1900 traderent.

159 1936 285 2000 Rursus
305 1935 392 2022 apud
407 1933 576 2021 Hyginum
589 1933 717 1997 fratrem
733 1932 953 2020 Menalippum
976 1933 1008 1996 in
1024 1934 1187 1999 venatione
1204 1957 1255 1999 oc·
1276 1977 1279 1983 ·

158 2037 268 2102 cidisse
289 2036 413 2101 dicitur.
458 2033 646 2100 Eustathius
664 2057 737 2098 vero
757 2034 861 2111 docet,
882 2033 1000 2112 affines,
1017 2036 1200 2123 Lycopeum
1223 2050 1257 2101 et

159 2138 363 2216 Alcathoum,
379 2161 433 2202 seu
447 2137 490 2201 ob
503 2136 629 2201 insidias
644 2138 751 2201 OEneo
765 2151 935 2214 structas,a
947 2137 1062 2224 Tydeo
1076 2137 1256 2203 interemtos

158 2264 235 2319 esse,
250 2239 406 2326 simulque
421 2262 493 2304 eum
508 2239 652 2325 quamvis
665 2237 799 2303 invitum
811 2249 843 2303 et
853 2238 1083 2327 imprudentem
1095 2239 1254 2305 Melancm

159 2341 332 2429 patruelem
347 2341 504 2407 occidisse.
527 2342 629 2406 SCH.

203 2441 383 2528 ταράκτορα]
399 2442 591 2525 σταρύκτορα
605 2445 650 2506 Α.

201 2560 277 2631 574.
290 2544 426 2627 Ἐρινύος
441 2545 490 2608 Μ.
512 2542 667 2625 Ἐριννύος
682 2541 786 2630 vulgo.

201 2645 337 2729 Ἐρινύος
368 2644 513 2730 κλητῆρα]
544 2646 658 2708 Faria
689 2653 862 2708 vocatorem
891 2667 916 2708 s.
936 2668 1122 2734 preconem.
1171 2647 1256 2726 Quia

161 2749 301 2836 OEdipus
315 2747 394 2812 lilios
408 2770 481 2812 suos
495 2746 544 2810 his
558 2746 633 2810 diris
646 2745 824 2822 devoverat,
841 2760 877 2811 ut
894 2747 954 2834 ipsi
976 2749 1094 2814 mutuis
1114 2749 1255 2816 caedibus

159 2874 192 2915 se
212 2850 342 2914 invicem
365 2849 560 2926 conficerent,
575 2848 732 2934 aptissime
749 2849 847 2935 patris
865 2849 930 2914 scil.
944 2850 1058 2915 furiam
1075 2874 1258 2939 provocasse

159 2951 275 3018 dicitur
291 2951 436 3039 Tydeus,
452 2949 599 3037 quoniam
616 2949 698 3015 bello
718 2949 777 3014 isto
797 2950 931 3017 conflato
949 2953 1139 3019 occasionem
1159 2954 1258 3042 patris

159 3053 243 3118 diras
257 3052 436 3141 perficiendi
451 3051 517 3139 ipse
531 3051 738 3118 arcessiverat.
764 3055 865 3118 SCH.

201 3168 277 3240 575.
292 3155 332 3239 τ’]
350 3154 374 3219 δ’
389 3153 509 3240 aliquot
522 3153 615 3218 codd.
631 3169 663 3219 et
677 3153 756 3219 Ald.
772 3156 877 3220 Turn.

203 3259 277 3341 576.
299 3257 486 3342 τρόσμορσν]
510 3255 585 3338 πρὸς
603 3259 698 3338 μόρον
712 3254 789 3321 Ald.
812 3259 987 3340 προσμύραν
1006 3260 1058 3323 Μ.
1084 3261 1258 3342 τρόστορον

161 3359 246 3423 varis
260 3358 352 3424 lectio
364 3358 398 3422 in
413 3359 454 3421 B.

204 3461 356 3543 ἀδελφεὸν
369 3459 470 3524 forma
483 3483 503 3525 a
517 3458 665 3525 trimetris
678 3458 778 3524 aliena
798 3472 856 3523 est.
902 3459 1002 3524 Recte
1022 3460 1157 3542 ἀδελφὸν
1171 3458 1257 3527 Rob.

161 3587 226 3651 quo
246 3578 371 3650 recepto
390 3562 548 3627 Dobraeus
570 3574 672 3626 totum
689 3583 814 3625 versum
837 3573 919 3625 recte
941 3560 984 3625 sic
1005 3560 1193 3640 emendavit,
1210 3561 1260 3628 καὶ

160 3666 212 3731 τὸν
227 3666 285 3731 σὸν
299 3664 360 3730 αὕτ’
377 3664 512 3747 ἀδελφδν
527 3666 558 3732 ἐς
570 3662 681 3745 πατρὸς
694 3666 788 3745 μύρον
805 3661 812 3751 Ι
831 3661 1009 3742 ἐξνττιθζων
1024 3665 1178 3743 ὅνομα-,
1190 3664 1259 3728 olla

161 3790 232 3833 voce
244 3770 421 3833 inclamans
433 3788 544 3832 nomen
558 3768 628 3854 qus
642 3766 680 3830 de
689 3767 797 3852 patris
811 3773 919 3830 morte.

202 3871 278 3955 578.
301 3868 526 3952 ἐνδατούμενος]
544 3867 713 3932 Dividam.
736 3865 876 3953 Hesych.
897 3869 1118 3948 ἐνδατούμενος.
1140 3870 1257 3951 μεριζθ·

160 3999 260 4054 μενος,
277 3974 325 4038 καὶ
340 3978 434 4039 κακῶς
446 3969 547 4054 λέγων
562 3975 709 4052 σφοδρός.
734 3966 879 4056 Sophool.
896 3968 1047 4034 Trachin.
1065 3990 1137 4054 792.
1156 3973 1259 4036 πολλὰ

162 4075 186 4140 δ’
202 4079 314 4162 οἰμωγῇ
328 4081 413 4157 βοῶν
425 4074 470 4137 Τδ
486 4071 690 4154 δνστύρεννον
706 4069 833 4152 λέκτρον
848 4071 1072 4151 ἐνδατούμενος.
1088 4071 1145 4136 ubi
1163 4070 1260 4138 schol.

163 4181 238 4242 κατδ
257 4177 346 4259 μέρος
368 4181 461 4243 κακοῖς
482 4175 593 4257 λέγων.
621 4175 808 4238 ἐνδατεῖσθαι
829 4175 887 4254 γὰρ
911 4171 946 4235 τὸ
970 4174 1160 4255 μερίσασθαι·
1182 4174 1202 4254 ὴ
1227 4177 1261 4240 δέ

161 4282 318 4361 μεταφορὰ
348 4277 408 4342 tat
437 4282 496 4341 τιῖν
525 4273 716 4355 δαινυμένων·
755 4276 942 4338 ἐνδατεῖσθαι
974 4276 1033 4357 γὰρ
1061 4274 1095 4338 τὸ
1124 4279 1262 4358 σφοδρῶς

163 4382 286 4445 ἐσθίειν.
308 4379 362 4444 Cf.
377 4377 545 4443 Βλεπαῖος]
561 4375 640 4441 OEd.
656 4378 735 4464 Tyr.
752 4377 822 4461 196.
867 4375 982 4439 Noster
996 4375 1028 4439 in
1044 4376 1263 4464 Psychostasia

162 4505 215 4570 ap.
239 4481 341 4547 Plato.
363 4480 404 4546 de
426 4482 511 4567 sep.
533 4498 563 4546 ν.
584 4501 616 4566 p.
632 4497 706 4564 432.
728 4479 916 4544 ἐνδατεῖσθαι
939 4479 1082 4566 τὰς’,ἐμδς
1101 4480 1285 4561 rhodios„
