2978 5062
466 318 535 380 AD
558 318 917 384 PROMETHEUM.
1198 323 1239 389 95

140 483 272 547 lentium
287 484 476 562 latrociniis3
497 486 634 572 denique
646 492 771 569 μητρυιὰ
788 495 876 569 νεῶν,
890 511 1025 553 noverca
1038 492 1184 568 navium,
1199 491 1241 555 ob

140 587 249 650 erebra
259 585 434 671 naufragia,
443 587 518 672 quia
528 602 595 651 erat
606 587 692 652 sinus
705 589 929 677 importuosus,
943 607 973 655 et
989 607 1119 678 propter
1133 593 1241 656 brevia

139 687 290 751 dorsuosa
307 688 458 769 (Scheren
474 688 625 753 Germani
640 706 745 755 nautoe
759 691 932 778 appellant)
949 693 1081 756 navibus
1098 694 1239 759 infestus.

143 792 194 854 Ita
218 789 400 874 Xenophon
425 788 449 854 l.
473 789 495 854 l.
520 792 593 856 ἔνθα
614 798 673 856 τῶν
694 795 737 860 τῖς
756 793 810 857 τὸν
832 795 953 858 Πόντον
976 800 1135 858 πλεουσῶν
1161 802 1240 874 νηῶν

140 893 253 955 πολλαὶ
267 892 430 956 ὀκέλλουσι
446 893 493 956 καὶ
513 894 695 957 ἐκπίπτουσι.
717 894 843 975 τέναγος
862 895 920 975 γάρ
940 897 1024 959 ἔστιν
1043 898 1170 960 ἐπιπολὺ
1189 901 1241 975 τῆς

141 993 307 1072 θαλάσσης.

183 1097 385 1158 Amazonum
406 1095 533 1159 sedibus
555 1094 668 1159 relictis
686 1095 724 1158 Io
743 1096 785 1160 ab
805 1095 843 1159 iis
859 1096 996 1161 deducta
1009 1112 1056 1162 est
1070 1120 1126 1184 per
1140 1098 1240 1182 regio-

142 1217 210 1258 nem
227 1197 480 1284 Bosporanorum
494 1221 504 1270 ς
528 1197 642 1262 deinde
662 1197 789 1262 aooessit
809 1198 850 1261 ad
869 1198 985 1262 fretum
1003 1198 1135 1285 Bospori
1151 1199 1238 1263 Cim-

142 1320 238 1362 mern.

312 1423 435 1503 Ἰσθμὸν
449 1421 474 1486 δ’
490 1422 535 1485 ἐπ’
550 1423 652 1489 αὐτοῖς
666 1426 858 1506 στενοπόροις
872 1427 979 1505 λίμνης
992 1425 1100 1492 πύλαις

315 1523 495 1605 Κιμμερικὸν
507 1525 595 1602 ἥξεις,
610 1524 647 1587 ὃν
661 1526 940 1608 θρασυσπλάγχνως
953 1529 990 1591 σέ
1004 1527 1062 1610 χρὴ

313 1631 463 1690 λιποῦσαν
476 1624 584 1690 αὐλῶν’
601 1628 728 1708 ἐκπερῶν
743 1630 922 1692 Μαιωτικόν.

140 1801 281 1866 Isthmus
296 1801 347 1865 hio
368 1801 410 1865 ab
425 1799 580 1887 AEschylo
600 1816 800 1881 memoratus,
815 1802 873 1866 nisi
892 1803 995 1867 omnia
1017 1817 1141 1890 poetam
1164 1805 1238 1870 mis·

141 1904 239 1969 ouisse
260 1927 297 1967 ao
317 1903 514 1990 perturbasse
530 1904 697 1989 fingamus,
712 1904 739 1966 is
755 1927 821 1966 esse
838 1904 928 1968 nullo
942 1905 1036 1969 modo
1052 1920 1165 1990 potest,
1180 1907 1237 1993 qui

142 2006 369 2070 Chersonesum
395 2004 570 2069 Tauricam-
593 2027 666 2068 cum
695 2005 865 2069 oontinenti
890 2006 1057 2092 jungebat,
1079 2030 1238 2094 quemque

140 2121 270 2193 propter
283 2105 515 2170 similitudinem
536 2106 650 2170 Strabo
667 2128 740 2170 curu
756 2106 956 2171 Corinthiaco
977 2125 1158 2193 compara13
1183 2109 1236 2172 sed

140 2208 246 2293 potius
267 2206 332 2272 hl.
354 2206 557 2293 intelligenda
577 2221 636 2285 est,
657 2222 693 2271 ut
717 2207 814 2271 Melae
833 2207 935 2270 verbis
957 2222 1094 2284 utamur,
1109 2207 1239 2294 obliqua

141 2310 194 2374 illa
207 2310 295 2396 regio
308 2324 340 2374 et
353 2309 385 2373 in
401 2310 499 2374 latum
515 2310 636 2374 modice
650 2324 770 2396 patens,
785 2332 858 2395 quae
880 2311 961 2373 inter
977 2311 1114 2372 Pontum
1132 2311 1236 2374 Euxi-

141 2434 216 2475 num
239 2427 270 2476 et
293 2411 439 2498 paludem
464 2412 644 2476 Maeotioam
665 2413 824 2484 excurrit;
857 2411 912 2474 ubi
935 2411 1007 2476 olim
1032 2428 1121 2477 erant
1146 2413 1240 2477 urbes

142 2517 365 2590 Hermonassa,
385 2516 495 2600 Copto,
517 2512 725 2600 Phanagoria,
747 2513 831 2577 etin
853 2513 923 2599 ipso
943 2537 997 2577 ore
1019 2513 1237 2579 Cimmerium.

142 2618 237 2680 Hane
255 2615 354 2701 igitur
373 2638 459 2680 oram
482 2618 521 2679 Io
541 2615 721 2701 relinquens
741 2615 815 2679 sorti
836 2616 941 2679 animo
957 2616 1091 2702 jubetur
1116 2630 1240 2680 tmnsro

141 2720 331 2804 Bosporum,
346 2716 403 2803 qui
416 2718 457 2781 ab
470 2718 539 2803 ejus
553 2718 685 2782 transitu
701 2716 744 2781 sio
758 2717 910 2781 dicendus
921 2733 1010 2796 esset,
1022 2717 1239 2783 Cimmerium.

142 2823 284 2908 Bosporo
295 2836 400 2885 autern
415 2821 557 2906 trajecto,
576 2825 684 2905 (quem
700 2819 774 2905 quia
788 2841 844 2904 per
861 2842 933 2882 eum
953 2819 1099 2884 introitus
1118 2835 1185 2884 erat
1204 2820 1236 2884 in

140 2924 287 3011 paludem
305 2921 483 2987 Maeotioam
500 2924 699 3003 στενοπόρους
712 2925 819 3002 λίμνης
832 2923 937 2998 πύλας,
952 2938 983 2986 et
999 2923 1121 2986 αὐλῶνα
1131 2928 1236 2987 Μαιω-

140 3026 222 3090 τικὸν
243 3024 417 3112 AEschylus
438 3023 590 3110 appellat)
615 3024 654 3088 Io
676 3024 818 3110 pervenit
840 3024 873 3086 in
896 3023 1124 3088 Chersonesum
1149 3027 1238 3089 Tau·

140 3125 256 3198 rioam;
279 3125 365 3211 quod
387 3124 444 3189 etsi
461 3124 632 3211 AEsohylus
653 3124 767 3188 diserte
788 3146 850 3186 non
873 3123 998 3200 indicat,
1014 3147 1053 3186 ex
1075 3123 1145 3209 ipso
1165 3146 1239 3187 oon-

142 3240 231 3291 textu
254 3246 356 3291 tamen
379 3225 553 3312 colligitur;
578 3241 609 3289 et
630 3225 863 3311 quodammodo
884 3225 925 3289 ab
948 3224 1145 3310 Apollodoro
1165 3247 1238 3288 oon-

141 3330 294 3404 firmatur,
309 3327 365 3413 qui
382 3329 420 3391 Io
435 3329 527 3391 etiam
543 3327 576 3390 in
587 3332 750 3407 Κιμμερίδα
762 3330 820 3407 γῆν
830 3326 948 3387 venisse
958 3339 1073 3388 narrat.
1097 3326 1239 3406 Κιμμερὶς

140 3435 179 3512 γῆ
196 3452 270 3494 vero
290 3445 337 3493 est
359 3429 572 3493 Chersonesus
592 3427 742 3503 Taurica,
763 3425 794 3488 in
817 3447 882 3510 qus
904 3424 1089 3488 Cimmerios
1109 3448 1238 3511 quoquo

140 3531 212 3595 olim
228 3531 383 3595 habitasse
397 3544 507 3593 notum
522 3545 581 3593 est.

182 3635 213 3696 Ε
229 3633 424 3696 Chersoneso
438 3631 587 3709 Taurica,
603 3629 751 3716 quoniam
768 3629 976 3694 Prometheus
992 3628 1042 3692 Ioi
1062 3628 1237 3706 denuntiat,

139 3757 208 3798 eam
231 3732 340 3797 relicta
361 3734 493 3819 Europa
514 3732 546 3795 in
570 3732 779 3796 continentem
802 3731 890 3795 Asiae
912 3746 1076 3795 venturam
1099 3754 1176 3806 esse,
1199 3732 1238 3794 Io

139 3837 269 3922 trajecto
290 3849 388 3921 ponto
403 3835 533 3898 Euxino
554 3833 586 3897 in
608 3833 789 3910 Thraciam,
805 3857 822 3896 e
838 3833 976 3897 Thracia
990 3855 1064 3896 vero
1085 3855 1142 3918 per
1158 3833 1238 3896 Bos-

140 3959 253 4024 porum
270 3936 443 4001 Thraoium
463 3936 495 3999 in
511 3935 621 3999 Asiam
637 3934 757 3998 venisse
779 3934 912 4010 videtur,
928 3933 952 3997 si
969 3957 1000 3996 v.
1019 3949 1092 4019 790.
1106 3936 1236 4015 ῥεῖθρον,

138 4040 269 4121 ἠπείρων
282 4041 354 4120 ὅρον
368 4038 408 4102 de
430 4038 572 4124 Bosporo
587 4036 725 4100 Thracio
744 4035 885 4122 accipias.
936 4037 1040 4098 Vossio
1061 4049 1164 4098 tamen
1190 4035 1239 4117 (iu

139 4137 222 4202 libro
243 4139 495 4226 Mylhologn‘sclte
514 4138 625 4222 Briese
648 4156 677 4200 2.
702 4154 751 4221 17.
774 4159 808 4223 p.
833 4157 841 4198 ι
849 4139 919 4220 37.)
939 4136 1054 4200 Pluris
1073 4135 1238 4222 significari
1359 4224 1360 4228 Ἰ

139 4240 274 4318 videtur,
289 4262 384 4326 quem
396 4239 570 4326 AEsohylus
582 4239 613 4303 in
629 4238 806 4324 fragmento
821 4236 1000 4302 Promethei
1016 4237 1109 4302 soluti
1124 4238 1239 4303 diserte

138 4342 277 4406 nominat
292 4342 402 4425 χθονὸς
417 4342 558 4422 Εὐρώπης
570 4341 668 4422 μέγαν
681 4339 725 4419 ἠδ’
740 4339 847 4407 Ἀσίας
860 4338 1000 4420 τέρμονα.

180 4443 341 4509 Heathius
362 4442 455 4528 longo
475 4443 566 4507 aliam
589 4458 619 4506 et
642 4442 827 4507 contrariam
850 4463 978 4528 prorsus
992 4440 1074 4506 viam
1096 4465 1132 4508 ac
1147 4442 1241 4506 ratio-
