2978 5062
471 304 537 364 An
563 303 921 366 Puutffl'rHEUM.

195 470 263 554 μου]
278 496 327 550 μοι
343 470 419 535 Ald.
436 473 518 535 Rob.
534 487 564 535 et
579 472 696 558 aliquot
712 473 802 537 codd.

197 573 270 634 618.
285 572 421 656 ὤχμασε]
436 575 578 655 ὤχμασεν
595 575 644 636 Μ.

195 676 267 754 619.
284 673 449 758 βούλευμα]
464 677 604 754 βούλημα
620 677 701 739 Rob.

197 775 272 858 δῖον]
289 776 494 839 Scribendum
511 777 599 840 litera
613 777 786 863 majuscula
802 786 887 842 Δῖον.

195 876 268 958 625.
291 876 387 961 μήτοι]
407 877 475 958 μήτι
491 877 583 942 codd.
598 878 718 964 aliquot
733 894 764 943 et
780 881 863 942 Rob.
879 901 951 942 cum
968 880 1095 943 Thoma
1112 883 1159 945 M.
1176 905 1200 945 s.
1217 906 1248 944 v.

151 977 263 1054 μέλλω.
285 978 370 1056 μήτοι
385 977 478 1043 schol.
494 980 607 1066 Eurip.
626 983 706 1044 Hec.
721 999 796 1065 570.

195 1083 269 1144 626.
285 1107 335 1145 σοι
348 1104 410 1145 om.
426 1081 504 1146 Ald.
551 1085 615 1146 Pro
629 1106 666 1146 eo
680 1091 731 1148 τοῦ
747 1098 793 1147 est
808 1083 839 1147 in
858 1085 907 1147 M.
923 1083 1053 1170 aliisque
1068 1101 1099 1148 et
1116 1087 1199 1150 Rob.

197 1184 270 1265 627.
300 1185 335 1246 οὐ
363 1183 397 1246 in‘
421 1182 541 1269 aliquot
562 1184 653 1248 codd.
677 1185 837 1263 omissum,
860 1187 891 1250 in
916 1188 965 1250 M.
992 1189 1247 1274 superscriptum.

154 1283 302 1347 Similiter
325 1299 486 1370 peccatum
511 1308 562 1371 ap.
590 1286 687 1372 Soph.
706 1287 762 1372 Aj.
781 1307 855 1372 540.
880 1291 911 1352 τί
934 1293 1007 1367 δῆτα
1025 1287 1134 1366 μέλλει
1155 1291 1195 1369 μή
1214 1292 1248 1353 οὐ

152 1387 319 1466 παρουσίαν
333 1386 436 1468 ἔχειν;
461 1386 515 1449 ubi
530 1387 565 1449 οὐ
578 1386 694 1450 omittit
708 1387 806 1452 codex
823 1388 1024 1453 Florentinus
1039 1396 1071 1452 Γ.

195 1487 268 1549 628.
291 1486 406 1571 θράξαι]
430 1487 630 1551 Scribebatur
652 1489 765 1568 θράξαι.
812 1491 997 1555 Correctum
1019 1493 1249 1556 aButtmanno

153 1587 254 1650 Lexil.
271 1588 330 1651 vol.
348 1609 375 1652 1.
392 1610 423 1674 p.
441 1607 514 1655 212.

194 1693 267 1773 629.
289 1695 411 1769 μᾶσσον
433 1691 483 1775 ὡς]
505 1696 626 1770 μᾶσσον
647 1691 665 1770 ἢ
688 1694 727 1758 ὡς
748 1693 841 1757 codd.
866 1695 998 1758 Vindob.
1022 1695 1087 1758 duo
1109 1708 1140 1759 et
1163 1695 1249 1759 varia

151 1791 242 1854 lectio
264 1791 349 1876 apud
378 1792 575 1856 Tumebum.
606 1792 765 1872 pacativae
792 1793 810 1873 ἢ
837 1794 897 1876 ’μοὶ
923 1796 1103 1860 Elmsleius.
1148 1798 1248 1861 Recte

150 1893 244 1956 habet
272 1893 425 1980 scriptura
451 1893 588 1981 vulgata.
634 1896 685 1958 Sic
711 1895 824 1981 Lysias
850 1920 881 1983 p.
907 1918 976 1981 109.
1004 1900 1094 1980 (272.
1122 1898 1246 1982 Reisk.)

149 1996 312 2076 ἡγούμενος
324 2001 443 2074 μᾶλλον
457 1998 603 2078 λέγεσθαι
618 1999 657 2063 ὥς
667 2023 718 2076 μοι
728 2003 859 2079 προσῆκε
885 2022 916 2084 p.
932 2020 1001 2062 111.
1016 2003 1072 2084 (28
1073 2022 1104 2085 5.
1123 2002 1245 2085 Reisk.)

150 2098 209 2177 ἐγὼ
224 2099 281 2178 γάρ
294 2101 332 2160 τὰ
347 2099 412 2177 ἐμοὶ
425 2100 671 2181 προστεταγμένα
686 2100 802 2163 ἅπαντα
816 2102 1035 2181 προθυμότερον
1049 2105 1196 2182 πεποίηκα
1209 2105 1248 2171 ὣς

149 2197 207 2260 ὑπὸ
237 2202 288 2276 τῆς
315 2201 431 2266 πόλεως
454 2201 670 2282 ἠναγκαζόμην.
716 2202 835 2288 Attigit
865 2201 949 2264 hunc
981 2226 1071 2266 usum
1098 2203 1247 2289 loquendi

152 2296 330 2362 Nitzschius
350 2301 391 2364 ad
415 2301 555 2366 Platonis
571 2304 640 2366 Ion.
657 2327 688 2389 p.
709 2306 759 2385 76.
806 2305 843 2366 In
867 2303 965 2367 altero
986 2303 1053 2367 loco
1076 2304 1182 2390 Lysiae
1205 2309 1247 2371 ὧν

149 2401 344 2466 scribendum
371 2403 536 2468 videbatur
557 2404 702 2469 Reislrioz
732 2428 796 2491 qua
817 2407 1044 2470 constructione
1066 2405 1192 2470 duobus
1213 2408 1246 2472 in

149 2502 223 2568 locis
244 2504 343 2568 utitur
360 2507 522 2583 Isocrateo,
538 2530 568 2592 p.
587 2509 660 2588 267.
683 2508 790 2595 Steph.
814 2515 875 2576 τοῖς
896 2515 999 2591 χεῖρον
1020 2509 1182 2589 γεγονόσιν
1203 2513 1245 2574 ὧν

149 2608 179 2668 ol
198 2607 282 2686 νόμοι
298 2608 543 2688 προστάττουσιν.
567 2624 598 2672 et
620 2608 660 2671 de
682 2608 779 2673 antid.
802 2633 833 2695 p.
849 2612 922 2694 456.
946 2609 996 2673 ed.
1022 2607 1122 2673 Bekk.
1145 2615 1198 2678 τὰς
1219 2613 1245 2674 δ’

148 2709 245 2775 άλλας
266 2713 450 2790 λειτουργίας
474 2711 731 2792 πολυτελέστερον
756 2713 1020 2793 λελειτουργήκατε
1047 2712 1095 2774 καὶ
1119 2712 1245 2777 κάλλιον

148 2813 190 2874 ὧν
212 2814 240 2874 οἱ
262 2814 347 2891 νόμοι
367 2812 612 2893 προστάττουσιν.
640 2813 723 2877 unde
744 2814 874 2878 fortasse
896 2830 987 2876 eruut
1012 2813 1067 2899 qui
1091 2814 1251 2902 AEschylo

147 2935 275 2999 quoque
289 2916 331 2978 ὧν
344 2913 506 2977 restituere
521 2914 633 2978 volent.

190 3017 263 3099 630.
278 3016 435 3102 προθυμεῖ]
452 3020 585 3102 προθυμῇ
600 3015 680 3080 libri.

190 3117 263 3199 636.
295 3117 396 3183 άλλως
420 3117 621 3202 τε-πατρὸς]
648 3118 785 3182 Inachus
810 3120 866 3181 Ius
892 3130 991 3203 pater,
1016 3120 1095 3183 sicut
1117 3121 1244 3184 omnino

146 3216 277 3281 flumina
298 3218 429 3304 reliqua,
450 3220 566 3283 Oceani
589 3234 620 3284 et
642 3221 786 3307 Tethyos
806 3221 890 3284 filius
911 3237 987 3284 erat.
1033 3222 1086 3286 Cf.
1109 3222 1241 3287 Hesiod.

148 3319 272 3407 Theog.
288 3343 317 3384 v.
332 3322 396 3405 336
412 3344 479 3407 sqq.
496 3323 596 3386 SCH.

190 3424 263 3508 637.
286 3424 325 3489 ὡς
346 3424 566 3506 τάποκλαῦσαι]
586 3423 756 3486 Librorum
779 3421 976 3506 quorundam
993 3423 1066 3485 vitia
1085 3439 1157 3486 sunt
1172 3421 1242 3484 ὥστ’

146 3525 344 3597 ἀποκλαῦσαι,
355 3525 394 3590 ὣς
403 3525 617 3597 κάποκλαΰσαι,
625 3542 667 3601 et,
678 3522 763 3610 quod
774 3523 805 3584 in
817 3521 893 3586 Ald.
901 3523 984 3586 Rob.
998 3523 1105 3609 Steph.
1117 3521 1242 3608 legitur,

146 3626 398 3690 tetransiton.
438 3626 551 3689 Veram
567 3625 752 3711 scripturam
768 3623 888 3709 primus
902 3623 1037 3688 restituit
1052 3624 1232 3688 Turnebus.

188 3727 408 3806 κάποδύρασθαι
424 3727 472 3789 Μ.
488 3725 614 3812 aliique.
659 3724 764 3811 Vulgo
779 3727 1005 3806 κᾶποδθρεσθαι.

188 3827 262 3912 638.
279 3828 350 3911 ὅπη]
368 3829 437 3891 θποι
453 3829 502 3892 Μ.
519 3827 635 3914 aliique
650 3826 790 3891 nonnulli
806 3839 837 3891 et
854 3828 938 3890 Rob.

185 3925 309 4013 μέλλει]
338 3928 448 4006 μέλλοι
478 3929 569 3990 C.M.
603 3941 635 3990 et
668 3928 818 3992 Cantabr.
857 3928 985 4013 primus.
1032 3925 1127 4003 Quod
1166 3925 1242 3990 reci·

144 4027 304 4113 piendum.

188 4129 262 4208 642.
290 4130 445 4212 άθήρομαι]
472 4128 604 4192 Codices
627 4128 746 4214 aliquot
775 4142 806 4191 et
836 4149 944 4214 margo
971 4127 1020 4189 M.
1050 4128 1241 4209 αἰσχύνομαι,

142 4251 237 4316 quam
253 4228 428 4306 lectionem,
444 4230 485 4295 ab
500 4229 664 4294 scholiasta
678 4252 806 4316 quoque
820 4242 1035 4303 memoratam,
1052 4227 1242 4292 verissimam

142 4352 208 4393 esse
224 4330 315 4395 facile
335 4331 446 4395 sentiet
465 4331 521 4417 qui
544 4331 715 4417 proximam
740 4332 797 4393 Ius
819 4328 1025 4393 narrationem
1048 4328 1242 4393 considerare

41 4480 46 4492 .
140 4430 234 4508 volet,
249 4431 281 4493 in
297 4453 362 4517 qua
376 4430 469 4517 plura
483 4444 556 4496 sunt
571 4453 644 4517 quat
659 4454 720 4495 non
741 4431 806 4495 sine
826 4429 956 4518 pudoris
974 4429 1110 4517 quadam
1127 4429 1243 4515 signifi-
