2978 5062
258 338 322 409 198
620 339 999 403 ANNOTATIONES

256 505 410 571 monitum
431 505 463 569 in
484 505 607 571 scholiis
628 521 682 571 est.
728 506 828 581 Σάκει,
850 510 985 592 κνκλωτῶ
1009 508 1144 584 σώματος
1165 506 1356 585 προβλήματι

256 607 337 671 dixit
353 630 383 669 v.
397 623 474 690 540.

300 711 375 792 678.
397 711 436 794 τῷ
460 709 569 773 κάκιστ’
594 711 762 795 αὐδωμένῳ]
786 711 886 773 Recte
908 708 1003 772 schol.
1025 713 1066 794 τῷ
1086 707 1353 793 βλασφημονμένῳ

255 813 313 876 ὐπδ
335 817 400 876 σοῦ.
445 814 488 875 In
510 834 600 898 quem
623 822 658 875 tu
680 812 770 875 modo
792 812 984 874 vehementer
1008 813 1150 874 invectus
1171 830 1214 872 ea.
1239 809 1353 894 Eurip.

257 916 390 1003 Hippol.
407 915 481 1000 583.
498 916 593 978 αὐδῶν
608 917 691 978 δεινὰ
704 916 881 994 πρόσπολον
896 913 981 977 κακά.
998 914 1129 977 Grotius
1145 935 1229 990 vero,
1244 914 1354 976 clami·

256 1020 338 1081 tana
353 1017 437 1080 dira.
463 1017 637 1080 BLOMF.

300 1119 374 1182 682.
390 1119 495 1205 γῆρας]
513 1117 606 1197 πέρας
619 1115 712 1180 codd.
728 1115 868 1179 nonnulli
883 1130 915 1179 et
929 1115 1008 1180 Ald.

298 1223 372 1305 683.
395 1221 493 1303 φέρει]
515 1220 602 1301 φέροι
623 1218 733 1304 Steph.
748 1218 1023 1296 consentientibus,
1038 1233 1075 1282 ut
1089 1217 1225 1293 videtur,
1240 1218 1352 1282 codici·

255 1322 316 1386 bus
337 1321 509 1407 plerisque:
535 1343 605 1384 nam
629 1321 725 1402 φέρει,
748 1321 835 1406 quod
858 1320 972 1384 babent
987 1320 1063 1384 Ald.
1083 1321 1168 1384 Rob.
1186 1322 1288 1385 Turn.
1311 1344 1351 1384 ex

255 1440 406 1510 quattuor
415 1437 537 1486 tanturn
549 1423 708 1488 codicibus
716 1424 922 1488 deterioribus
931 1437 1124 1487 annotatum.
1148 1424 1281 1487 Comma
1289 1446 1351 1487 non

254 1525 287 1590 in
303 1525 364 1589 fine
378 1547 486 1589 versus
499 1538 546 1588 est
559 1525 753 1610 ponendum,
768 1525 824 1589 sed
838 1541 908 1610 post
922 1524 1016 1606 φέρει
1062 1525 1108 1587 Et
1121 1523 1164 1587 sic
1177 1524 1350 1602 scholiasta,

257 1629 284 1691 el
297 1628 375 1693 ὅλως
389 1651 433 1692 τις
445 1628 556 1707 ῶτοχεΐ,
570 1626 664 1689 καλὸν
673 1627 707 1689 τὸ
721 1630 792 1709 δίχα
805 1628 958 1710 αἰσχύνης.
980 1628 1067 1689 τοῦτό
1082 1635 1166 1708 φησι,
1179 1626 1213 1689 τὸ
1224 1627 1352 1693 εὐκλεῶς

256 1731 419 1792 ἀποθανεῖν
439 1731 488 1792 διὰ
504 1729 538 1791 τὸ
556 1734 718 1808 τιμωρῆσαι
732 1730 799 1795 τούς
813 1731 945 1811 ἐχθρούς.
971 1731 1061 1809 ὁγὰρ
1076 1729 1194 1808 ἀντικρύ
1209 1729 1258 1791 καὶ
1271 1729 1351 1792 ὁντι-

255 1831 416 1911 πρόσωπον
427 1835 485 1893 τῶν
498 1831 650 1907 πολεμίων
664 1831 878 1908 ἀνθιστάμενος
892 1832 940 1893 καὶ
955 1831 1236 1909 ιἰντιπαλαμῶμενος
1250 1829 1297 1892 καὶ
1311 1830 1352 1908 μδ

256 1929 460 2012 ἀντιστρέψας
469 1931 517 1994 καὶ
528 1936 606 1993 νῶτα
615 1931 710 1996 διδοὺς
717 1937 779 1998 τοῖς
787 1934 915 2013 ἐχθροῖς,
927 1933 1049 2003 ἐκεῖνος,
1062 1931 1146 2010 φημὶ,
1158 1931 1212 1993 τὸν
1221 1931 1351 1994 θάνατον

257 2030 424 2113 ἐπιδέχεται
439 2032 560 2111 ἐντίμως
575 2033 623 2094 καὶ
638 2033 764 2099 εὐκλεῶς
778 2034 826 2097 καὶ
840 2034 887 2096 ἀεὶ
902 2036 1066 2098 έπαινεῖται
1080 2034 1129 2096 καὶ
1142 2034 1339 2114 μακαρίζεται.

298 2132 373 2209 684.
391 2133 439 2215 ἐν]
455 2133 489 2195 ἓν
502 2131 644 2218 quinque
658 2133 786 2196 codices.

299 2233 339 2295 68
340 2248 373 2316 5.
390 2233 541 2317 κᾴσχρῶν]
562 2236 712 2316 καίσχρῶν
727 2234 831 2320 vulgo

299 2336 695 2419 686-688=692-694.
712 2337 827 2400 Versus
842 2337 872 2400 in
888 2336 968 2402 Ald.
985 2337 1027 2400 sic
1047 2336 1136 2400 dirisi
1158 2339 1229 2399 τί-
1247 2336 1253 2420 Ι
1272 2338 1349 2416 δορί-

254 2463 409 2518 μαργος-
428 2438 434 2522 Ι
454 2444 594 2501 κακοῦ-.
622 2452 653 2500 et
678 2438 709 2500 in
740 2439 935 2525 antistropho
957 2437 1152 2517 ὧμοδακής-
1170 2436 1176 2523 Ι
1194 2439 1350 2517 πικρόκαρ-

256 2563 357 2602 πον-
374 2539 380 2618 Ι
398 2541 520 2618 αἵματος
530 2577 590 2600 -.

299 2642 372 2703 686.
390 2642 464 2722 687.
482 2643 556 2722 692.
573 2641 645 2723 693.
661 2642 845 2723 698-700.
864 2659 1044 2725 705-707.
1069 2641 1120 2703 De
1139 2639 1186 2703 his
1200 2638 1352 2703 doclrmiis

256 2739 374 2804 dictum
390 2741 421 2803 in
437 2741 635 2804 annotatione
649 2741 690 2804 ad
706 2765 737 2804 v.
754 2762 827 2826 203.

298 2841 373 2903 686.
390 2842 433 2925 τί]
449 2844 477 2904 τὶ
491 2843 539 2904 καὶ
554 2842 639 2904 Rob.
656 2842 740 2905 uude
755 2845 803 2906 καὶ
818 2845 987 2918 Porsenna,
1002 2842 1106 2905 deleto
1120 2844 1157 2904 τί.

297 2941 442 3026 μέμονας]
457 2943 589 3022 μέμηνας
605 2942 679 3009 Ald.
696 2946 801 3008 Turn.
818 2945 927 3030 Steph.
944 2960 976 3007 et
989 2944 1081 3007 codd.
1097 2942 1238 3029 plerique
1257 2935 1349 3022 μέμό-

257 3069 309 3110 νος
326 3044 374 3105 Μ.

298 3142 341 3226 rt]
357 3145 400 3209 τίς
416 3145 467 3207 Μ.
481 3143 596 3230 aliique
612 3146 752 3210 nonnulli
767 3167 798 3212 et
815 3147 925 3233 Steph.

297 3245 500 3330 θυμοπληθδς]
517 3245 667 3310 Animum
684 3249 824 3334 explens,
839 3249 860 3313 i.
874 3272 903 3311 e.
919 3249 995 3311 iram
1012 3248 1135 3327 satians.
1160 3246 1335 3309 BLOMF.

297 3346 368 3427 687.
384 3348 559 3429 δορίμαργος
578 3349 647 3434 ἄτα]
663 3349 753 3413 Libri
769 3349 888 3436 aliquot
903 3353 1084 3430 δορύμαργος
1098 3364 1129 3412 et
1145 3350 1209 3426 ἄτη.
1234 3355 1253 3382 “
1269 3352 1347 3427 δορί-

253 3473 365 3530 μαργος
387 3450 454 3521 ἄτα,
477 3450 569 3513 laeto
578 3451 705 3534 surena
727 3474 822 3527 πονο,
845 3452 866 3514 i.
882 3476 909 3514 c.
932 3451 1102 3537 perniciosa
1125 3465 1156 3514 et
1180 3447 1352 3513 furibunda

255 3550 416 3635 pugnandi
432 3551 616 3636 cupiditas.''
640 3555 741 3616 SCH.

297 3653 372 3715 688.
398 3658 486 3715 κακοῦ
502 3652 525 3715 δ’
543 3654 647 3732 ἔκβαλ’
665 3655 771 3734 έρωτος
788 3655 900 3740 ἀρχόν]
926 3655 1045 3718 Suadet
1067 3654 1180 3717 cltotus
1203 3671 1239 3716 nt
1262 3651 1351 3715 ntnlae

254 3753 435 3840 cupiditatis
449 3754 609 3840 principiis
623 3756 733 3820 obstet.
759 3758 859 3820 scH.

296 3855 368 3937 689.
396 3854 548 3934 Eteoclea,
575 3857 665 3942 cujus
690 3858 794 3920 animo
820 3857 917 3942 patris
940 3856 1017 3919 dirae
1042 3855 1257 3930 obversantur,
1282 3855 1349 3939 jam

254 3971 378 4042 ternpus
392 3956 614 4036 instaremus,
629 3982 695 4043 qno
717 3957 777 4022 illae
799 3959 917 4022 exitum
939 3958 1001 4021 sint
1022 3955 1189 4030 habiturae,
1206 3955 1279 4018 vitoe
1298 3955 1351 4018 de-

254 4058 427 4138 speratione
441 4058 571 4122 affcctus
586 4060 772 4145 respondet:
797 4058 1000 4123 ἐπεὶ-Λαΐου
1017 4057 1114 4139 γένος.
1149 4059 1351 4142 Quorrrloqui-

252 4158 321 4220 dem
337 4159 391 4221 ltoc
405 4162 564 4245 negotium
584 4160 756 4243 (interitum
774 4161 929 4240 nostrum)
947 4160 1138 4223 vehementer
1153 4168 1249 4243 urget
1263 4159 1351 4233 derra,

253 4260 437 4322 ιιιιὶνοτιιιιη
452 4282 529 4324 sarae
543 4263 620 4325 Laii
636 4283 743 4348 gemo
758 4263 873 4325 Plroebo
887 4283 1015 4325 ισοςιιια
1030 4262 1166 4324 secundo
1181 4270 1272 4323 ιιωινο
1292 4281 1351 4344 per

234 4361 364 4444 ,Οοορὶἰ
374 4364 500 4445 fluctos
515 4366 654 4450 naviget.
671 4366 775 4447 Φοίβῳ
791 4366 939 4445 στυγηθὲν
953 4362 1077 4448 respicit
1091 4360 1253 4425 oraculum
1269 4360 1349 4424 illud
