2978 5062
233 329 276 393 80
595 323 973 392 ANNOTATIONES

233 496 310 580 φησὶ
324 494 464 562 δεδέσθαι
476 496 530 561 τὸν
545 493 717 577 Προμηθέα,
734 498 904 579 ἀλλὰπρὸς
924 502 986 564 τοῖς
1001 495 1184 575 Εὐρωπαίοις
1205 493 1332 575 τέρμασι

233 603 286 663 τοῦ
300 597 459 672 Ὠκεανοῦ,
475 599 515 665 dr
536 597 595 661 ὐπὸ
617 603 677 662 τῶν
697 598 770 680 πρὸς
791 599 846 679 τὴν
862 599 910 663 'lis
931 596 1104 683 λεγομένων
1124 598 1190 662 ἐστὶ
1213 603 1330 676 συμβα-

233 706 327 766 astae.
355 699 497 787 Respicit
511 699 658 763 nimirum
672 701 904 786 grammaticus,
919 724 948 764 v.
966 715 1040 785 717,
1054 699 1110 763 uhi
1125 697 1333 763 Prometheus

233 800 284 865 Ioi
306 800 428 878 suadet,
443 824 483 864 ne
497 800 639 880 fluvium,
655 824 749 888 quem
766 802 942 890 Hybristen
956 800 1105 890 appellat,
1128 800 1215 887 prius
1233 814 1333 865 trans·

231 902 403 990 grediatur,
419 925 515 989 quam
530 903 571 968 ad
587 906 764 968 Caucasum
779 905 932 968 montium
946 901 1129 968 altissimum
1146 902 1333 988 pervenerit.

232 1005 337 1092 Atqui
357 1005 382 1069 si
396 1005 464 1069 haec
479 1007 573 1070 verba
587 1005 614 1069 is
636 1007 877 1094 pronuntiasset,
893 1005 949 1090 qui
970 1004 1037 1089 ipse
1058 1004 1090 1067 in
1106 1006 1249 1068 Caucaso
1262 1027 1331 1069 ver-

233 1122 362 1185 saretur,
378 1105 456 1170 nihil
478 1106 587 1171 fuisset
608 1107 754 1194 ineptius.
798 1106 932 1170 Accedit
949 1106 1035 1194 quod
1052 1105 1207 1193 AEschylo
1228 1106 1331 1171 statim

232 1208 264 1273 in
279 1208 434 1297 principio
450 1210 609 1274 Caucasus
624 1208 832 1273 nominandus
846 1209 967 1288 fuisset,
983 1209 1008 1274 si
1027 1209 1071 1274 ibi
1086 1209 1234 1274 voluisset
1251 1209 1333 1274 hanc

231 1310 372 1377 fabulam
386 1310 464 1398 geri.
508 1311 603 1375 Nunc
617 1311 731 1376 diserte
745 1310 885 1377 nominat
902 1311 1062 1398 Scythiam
1078 1311 1243 1389 desertam,
1258 1334 1290 1375 v.
1302 1331 1331 1378 2.

234 1410 275 1478 de
298 1416 439 1480 Caucaso
460 1413 554 1501 piane
576 1412 653 1478 silet.
698 1413 847 1499 Denique
864 1426 1073 1477 commentum
1097 1412 1157 1476 hoc
1180 1412 1334 1477 refellitur

234 1515 331 1580 Chori
345 1515 481 1580 carmine
495 1538 525 1580 υ.
540 1535 615 1598 4¹1·
631 1539 699 1603 sqq.
716 1516 770 1580 ubi
785 1515 868 1579 inter
882 1514 997 1579 vicinas
1017 1530 1138 1602 gentes,
1150 1537 1223 1600 quae
1243 1518 1333 1580 mise·

232 1617 295 1681 rari
317 1618 476 1682 fortunam
492 1618 672 1683 Promethei
687 1617 836 1682 dicuntur
857 1631 928 1704 post
942 1616 1080 1696 Asiatas,
1095 1616 1240 1694 Colchos,
1257 1619 1333 1704 scy-

233 1719 315 1798 thas,
342 1719 453 1785 ultimo
479 1720 607 1785 demum
633 1722 703 1786 loeo
728 1720 930 1784 nominantur
956 1719 1087 1784 Caucasi
1112 1717 1237 1797 eccoloe,
1261 1720 1334 1802 ὑψί-

235 1846 363 1904 κρημνον
385 1823 414 1887 oi
434 1825 570 1904 πόλισμα
592 1823 751 1887 Καυκάσου
772 1820 868 1889 πέλας
891 1821 1040 1902 νέμονται,
1064 1820 1240 1909 dequibus
1261 1844 1333 1909 pro·

233 1923 317 1989 fecto
332 1924 457 1989 Chorus
479 1947 534 1989 nec
555 1925 615 1990 hoc
637 1925 743 2004 modo,
758 1923 865 1989 etalio
879 1922 988 1989 ordine
1009 1925 1133 1989 locutus
1147 1940 1238 2002 esset,
1253 1925 1278 1988 si
1300 1924 1332 1988 in

233 2025 302 2112 ipso
318 2028 459 2091 Caucaso
474 2027 541 2112 jam
564 2027 675 2113 pedem
697 2026 825 2091 fixisset.
871 2026 934 2090 Sed
950 2026 1128 2106 Pauwium,
1143 2027 1244 2113 etqui
1259 2050 1333 2091 cum

234 2151 273 2193 eo
287 2128 436 2206 sentiunt,
451 2129 483 2193 iu
505 2151 639 2193 errorem
663 2128 788 2193 induxit
810 2130 994 2216 scriptorum
1017 2129 1171 2217 AEschylo
1185 2129 1334 2194 recentio-

234 2253 306 2295 rum
328 2231 474 2309 narratio,
489 2231 545 2318 qui
568 2254 632 2295 uno
647 2254 701 2295 ore
722 2253 830 2296 omnes
852 2231 1077 2296 Prometheum
1099 2231 1139 2296 ad
1156 2233 1333 2296 Caucasum

233 2332 400 2420 religatum
426 2332 522 2397 fuisse
548 2346 719 2397 testantur:
749 2355 844 2419 quam
869 2332 984 2397 famam
1012 2333 1200 2420 AEschylum
1228 2333 1333 2422 ipsum

234 2458 362 2523 quoque
383 2434 416 2498 in
439 2434 628 2499 Prometheo
643 2435 745 2500 soluto
757 2458 823 2499 esse
838 2449 979 2500 secutum
994 2459 1033 2500 ex
1051 2437 1200 2501 Cicerone
1220 2431 1334 2523 cogno-

235 2537 349 2602 scimus
364 2539 485 2615 Quaest.
502 2539 601 2600 Tusc.
619 2557 649 2613 υ,
671 2558 718 2600 ιο.
733 2559 827 2623 quem
843 2535 945 2600 locum
966 2537 1047 2603 inter
1061 2538 1236 2624 fragmenta
1249 2537 1335 2602 illius

234 2639 351 2705 fabulae
365 2637 538 2703 retulimus.
563 2639 878 2703 SCHUETZIUS.

280 2933 379 2996 Facta
396 2944 428 2994 et
449 2930 514 2994 fata
529 2931 708 2994 Promethei
731 2931 832 2997 tribus
850 2933 966 2998 fabulis
983 2934 1184 3022 pertractavit
1198 2935 1335 3023 AEschy-

236 3034 297 3113 lus,
315 3031 478 3120 tragoediis
495 3032 631 3114 duabus,
646 3035 835 3101 Prometheo
848 3036 953 3102 vincto
966 3052 997 3101 et
1017 3037 1206 3102 Prometheo
1219 3036 1335 3119 soluto,

269 3277 283 3309 θ
300 3268 354 3318 Hoc
365 3268 471 3319 scholion
481 3269 508 3317 iu
518 3269 598 3320 codiee
609 3269 720 3318 Parisino
731 3271 802 3334 2787.
811 3286 849 3334 ap.
863 3270 991 3321 Faehsium
1003 3273 1030 3321 in
1045 3271 1141 3337 Sylloge
1151 3288 1176 3336 p.
1186 3287 1208 3335 3.
1218 3273 1252 3322 sic
1261 3282 1298 3323 est
1308 3275 1336 3323 ln

237 3350 384 3400 contrariam
398 3351 543 3401 sanandam
559 3350 739 3415 interpolatum,
752 3349 833 3400 ίοτέον
843 3349 869 3400 δέ
880 3351 917 3400 dre
934 3353 960 3401 έν
973 3354 1008 3414 τᾷ
1025 3351 1143 3415 Καυκάσῳ
1153 3354 1213 3417 φησὶ
1228 3352 1337 3403 δεδέσθαι

236 3429 280 3478 τδν
296 3429 429 3495 Προμηθέα,
445 3431 502 3495 spis
518 3433 568 3482 reis
583 3432 724 3496 Εὐρωπαίοις
739 3431 822 3498 μέρεσι
835 3432 861 3483 δέ
873 3435 918 3484 τοῦ
933 3435 1047 3484 Ὠκεανοῦ
1062 3435 1102 3484 καὶ
1117 3436 1160 3485 οὐκ
1177 3436 1298 3499 ἀλλαχοῦ,
1306 3437 1337 3487 iss

236 3510 339 3562 άπδτΰν
348 3516 406 3576 πρὸς
415 3513 461 3572 τὴν
476 3515 514 3564 'lsi
529 3513 667 3576 λεγομένοιν
682 3517 736 3565 έστι
752 3518 892 3576 συμβαλεῖν.
909 3518 952 3566 uhi
968 3517 1082 3567 Ὠκεανοῦ
1097 3534 1128 3567 ex
1144 3519 1280 3582 antiquiore
1296 3517 1338 3567 ille

236 3592 326 3642 scholio
335 3596 464 3644 osdtanter
474 3604 511 3644 est
522 3598 657 3660 repetitum,
670 3607 754 3647 mutia
764 3608 870 3648 mentem
881 3598 1012 3647 scholiasta
1026 3599 1172 3661 recenn'oris,
1183 3601 1225 3662 qui
1242 3597 1337 3648 Καυκά-

236 3689 281 3722 σου
297 3675 430 3738 scripserat,
447 3678 511 3738 quod
526 3692 557 3725 ex
573 3679 680 3739 ejusdem
696 3679 783 3728 codicis
799 3678 888 3729 scholio
901 3682 932 3728 ad
949 3696 972 3728 r.
987 3678 1043 3743 563.
1059 3681 1165 3730 restituit
1179 3681 1338 3731 Hermannns

237 3754 328 3819 Opust.
340 3755 388 3806 vol.
397 3774 420 3818 4.
432 3774 455 3821 p.
470 3756 524 3818 263.
537 3757 673 3817 κατήντησε
684 3758 711 3824 (ἡ
722 3759 772 3823 Ἰὼ)
788 3760 827 3809 καὶ
844 3759 900 3810 ένθα
915 3759 946 3818 ἦν
961 3764 975 3810 δ
992 3760 1127 3824 Προμηθεὺς
1142 3760 1264 3822 δεδεμένοι
1280 3762 1338 3826 πρὸς

236 3838 286 3887 τοῖς
299 3837 440 3903 Εὐρωπαίοις
460 3836 543 3902 μέρεσι
562 3842 606 3889 τοῦ
621 3838 756 3900 Καυκάσου,
767 3842 806 3890 καὶ
818 3843 860 3906 δρᾷ
871 3843 944 3891 αὐτδν
960 3844 1038 3891 ἐκεῖσε
1052 3842 1236 3906 προσηλωμένον
1249 3845 1276 3893 έν
1285 3845 1338 3894 ταῖς

235 3914 331 3983 αέκραιι
341 3922 386 3969 τοῦ
396 3919 469 3983 ὄρους.
504 3921 572 3968 idem
588 3921 648 3970 illud
660 3921 766 3970 scholion
777 3938 808 3971 ex
823 3923 871 3971 alio
881 3924 961 3973 codice
974 3925 1027 3985 jam
1043 3924 1165 3974 Stanleius
1181 3925 1289 3974 ediderat
1304 3926 1339 3975 sic

236 3998 360 4063 scriptum,
369 4000 462 4050 ’ἰστέον
473 4001 511 4049 δτι
528 4002 555 4050 έν
570 4004 604 4064 τᾷ
619 4000 737 4065 Καυκάσῳ
753 4004 781 4052 οὐ
797 4004 857 4067 φησί
869 4003 977 4054 δεδέσθαι
992 4004 1036 4054 ris
1053 4004 1187 4069 Προμηθέα,
1200 4005 1265 4055 ἀλλὰ
1281 4006 1339 4070 πρὸς

236 4081 287 4130 τοῖς
303 4081 442 4144 Εὐρωπαίοις
458 4082 558 4147 τέρμασι
574 4086 619 4133 τοῦ
634 4085 756 4148 Ὠκεανοῦ,
773 4087 803 4137 δι
820 4086 1040 4147 ἄπο-συμβαλεῖν·
1061 4088 1103 4135 uhi
1117 4088 1145 4137 οὐ
1158 4089 1210 4138 loeo
1225 4104 1276 4137 non
1293 4105 1339 4139 suo

235 4159 377 4210 collocatum
387 4179 418 4211 ex
428 4167 567 4225 conjectura
577 4166 616 4215 vel
624 4167 715 4215 lihrarii
728 4167 764 4216 vel
775 4169 872 4218 editoris
883 4180 920 4219 est
934 4169 1060 4231 insertum,
1072 4171 1114 4234 qui
1125 4186 1176 4219 non
1186 4172 1340 4220 animadver-

236 4241 304 4291 tisset
324 4245 439 4293 Ὠκεανοῦ
454 4247 481 4293 iu
498 4245 624 4297 Καυκάσου
634 4265 685 4298 esse
701 4252 854 4299 mutandum.
889 4252 1003 4300 Ceterum
1020 4251 1073 4300 aliis
1089 4268 1185 4315 quoque
1199 4253 1226 4300 in
1243 4251 1339 4302 scholiis

236 4338 311 4386 quum
323 4326 354 4374 sd
365 4325 432 4375 hunc
442 4343 539 4376 versum
556 4338 610 4377 tum
626 4332 656 4378 sd
674 4330 732 4380 alios
743 4331 805 4379 locos
818 4333 925 4381 Caucaso
941 4332 1054 4394 alligatus
1069 4348 1120 4382 esse
1135 4333 1225 4381 dicitur
1240 4334 1340 4383 Prome-

236 4405 315 4465 theus,
325 4408 480 4471 defenditque
495 4409 559 4459 hanc
571 4411 795 4474 interpretationem
811 4422 895 4463 eontm
911 4413 1066 4461 Schuetzium
1078 4413 1218 4464 Welckerus
1234 4414 1262 4463 in
1277 4414 1342 4464 libro

234 4487 373 4555 detrileglis
383 4487 492 4554 AEschyh'
503 4504 526 4552 p.
537 4503 579 4553 33.
590 4500 615 4541 at
625 4492 652 4541 in
664 4491 804 4557 Appendlce
814 4508 838 4557 p.
847 4492 889 4543 6ο.
905 4493 1116 4544 6.Ι)ῙΝΙ)ΟΚΚ.
