2978 5062
602 345 668 408 ΑΙ)
692 347 881 410 PERSAS.
1228 351 1289 411 281

190 507 321 596 aliisque
343 511 502 576 nonnullis
524 528 663 578 sumtum
679 531 742 578 est:
767 514 909 602 plerique
927 517 1148 595 γναμπτόμενοι
1171 530 1207 580 ut
1220 516 1291 580 edd.

190 626 264 675 ante
279 612 487 678 Bruncltium.

234 713 259 778 δ’
275 738 338 778 om.
354 715 431 780 Ald.
449 717 532 782 Rob.

235 820 317 901 δεινᾷ
343 818 452 905 Steph.
475 821 739 887 consentientibus
763 820 923 884 codicibus
948 834 980 882 et
1004 817 1176 885 scholiasta.
1210 826 1293 886 δεινδ

191 919 268 983 Ald.
285 921 369 985 Rob.
387 925 492 988 Turn.

234 1041 307 1107 577.
325 1027 519 1112 σκύλλονται]
535 1028 696 1091 σκύλονται
711 1026 760 1088 Μ.
777 1039 808 1089 et
824 1024 889 1088 duo
904 1022 966 1086 alii.

235 1126 383 1212 ἀναύδων]
425 1130 620 1216 Perpetuum
657 1127 789 1215 piscium
820 1126 991 1214 epitheton.
1038 1127 1206 1212 Sophocles
1239 1152 1289 1215 ap.

191 1225 312 1290 Athen.
331 1243 359 1309 7,
376 1251 408 1315 p.
426 1246 497 1314 277.
514 1234 557 1294 A.
574 1231 673 1312 Χορὸς
687 1229 711 1294 δ’
728 1232 862 1293 ἀναύδων
878 1231 987 1312 ἰχθύων
1007 1231 1171 1311 ἐπερρόθει.
1211 1231 1293 1295 Phe-

190 1344 323 1394 recrates
345 1331 420 1397 ibid.
443 1355 473 1418 p.
496 1335 568 1416 287.
587 1337 631 1397 A.
658 1330 799 1418 Etymol.
824 1332 874 1395 M.
898 1355 930 1418 p.
948 1334 1021 1407 218,
1041 1353 1093 1418 31.
1117 1335 1149 1397 τί
1171 1341 1290 1415 ληρεῖς;

192 1431 275 1495 άλλδ
296 1433 401 1514 φωνὴν
421 1436 474 1498 οὐκ
495 1436 577 1518 ἔχειν
596 1435 698 1519 Ἰχθῦν
719 1460 755 1516 γε
774 1435 852 1516 φασδ
869 1437 903 1497 τὸ
924 1435 1083 1514 τετράπους
1109 1435 1203 1513 νῆτὼ
1222 1437 1292 1498 θεά.

192 1533 273 1597 Κούκ
303 1536 385 1600 ἔστιν
415 1541 499 1620 ἰχθῦς
528 1539 622 1604 ἄλλος
658 1539 752 1605 οὐδεὶς
783 1536 801 1617 ἢ
836 1536 914 1617 βόαξ
945 1539 1074 1620 (φωνεῖν
1103 1537 1291 1620 δυνάμενος.)

192 1636 370 1702 BLOMF.

235 1739 286 1823 ἠδ]
302 1741 337 1819 ἠδ
351 1742 386 1820 ἠὲ
401 1741 466 1805 duo
480 1742 573 1806 codd.
589 1757 621 1807 et
636 1742 722 1808 Rob.

236 1842 310 1925 578.
333 1848 386 1909 τᾶς
401 1844 556 1930 άμιάντου]
573 1842 677 1909 Schol.
693 1845 805 1924 δηλαδὴ
820 1846 989 1925 θαλάσσης.
1023 1847 1058 1909 οὗ
1075 1850 1132 1929 γὰρ
1146 1849 1294 1926 μιαίνεται

193 1945 323 2018 πόποτε,
340 1945 388 2008 καὶ
409 1952 534 2010 πολλῶν
555 1947 755 2027 μολυσμάτων
778 1947 979 2029 ἐπιχυθέντων
1003 1949 1084 2034 αὐτῇ.
1123 1949 1186 2011 Sed
1208 1971 1294 2014 mare

193 2047 338 2125 άμίαντον
359 2046 477 2111 dictum
501 2048 637 2127 videtur,
651 2049 727 2135 quia
747 2071 869 2112 omnem
892 2049 1103 2136 impuritatem
1126 2049 1292 2117 abluebat:

192 2168 263 2209 nam
283 2148 437 2213 Θάλασσα
453 2152 550 2226 κλύζει
565 2150 663 2214 πάντα
676 2153 857 2233 τάνθρώπων
872 2153 956 2217 κακά.
987 2153 1169 2217 Scholiastae
1183 2155 1293 2218 obver-

192 2249 320 2313 sabatur
343 2250 434 2315 Iliad.
451 2258 489 2330 A,
504 2273 579 2335 314.
598 2256 639 2317 Ol
658 2252 683 2317 δ’
705 2256 953 2335 ἀπελυμαίνοντο,
971 2258 1019 2321 καὶ
1041 2261 1083 2324 εἷς
1105 2255 1166 2321 ἅλα
1187 2259 1293 2336 λύματ’

192 2350 340 2430 ἔβαλλον.
364 2355 541 2419 BLOMF.

234 2473 309 2539 579.
325 2455 414 2536 δόμος
427 2459 590 2543 στερηθείς]
606 2440 832 2543 δομοσύέρηθεὶς
847 2463 897 2525 Μ.

233 2557 308 2639 580.
323 2558 424 2626 τοκέες
439 2561 607 2626 Porsonus.
632 2567 733 2642 τοκῆες
748 2563 829 2628 libri.

236 2658 314 2723 Post
336 2661 457 2728 άπαιδες
478 2661 510 2725 in
533 2665 576 2727 A.
601 2663 743 2728 additum
769 2666 899 2747 ἔρονται,
927 2664 1012 2751 quod
1040 2665 1071 2729 in
1097 2667 1136 2730 B.
1162 2665 1293 2751 aliisque

192 2757 351 2824 codicibus
373 2775 405 2825 et
426 2761 505 2826 Ald.
528 2763 613 2827 Rob.
638 2765 775 2846 ἔρραντοι
800 2765 1031 2852 scriptumest,
1054 2764 1085 2829 in
1114 2766 1164 2828 M.
1186 2781 1293 2829 autem

192 2883 264 2925 oum
280 2862 424 2948 proximo
438 2864 592 2930 vocabulo
606 2866 722 2932 coaluit
734 2869 856 2935 ἄπαιδες
870 2871 972 2949 ε’ραδαι
991 2867 996 2954 Ι
1014 2870 1143 2952 μονιάχη
1159 2870 1205 2932 δᾶ.
1252 2869 1292 2932 In

195 2966 297 3028 Turn.
315 2966 452 3046 ἔρρανται
467 2968 501 3030 ἔν
515 2967 637 3049 δάκρυσι
652 2969 892 3056 interpolatum:
916 2971 1001 3057 quod
1023 2985 1148 3035 secutus
1163 2985 1209 3036 est
1225 2973 1295 3035 Ste-

193 3066 328 3154 phanus,
343 3069 433 3154 cujus
446 3068 513 3134 haec
532 3087 578 3134 est
594 3072 753 3136 annotatio
768 3079 789 3109 “
803 3073 842 3136 In
859 3072 1046 3158 quibusdam
1063 3073 1294 3160 exemplaribus

194 3167 310 3256 legitur
324 3175 426 3250 τοκῆες
442 3171 465 3234 δ’
483 3173 604 3240 άπαιδες
622 3177 656 3238 ἔν
672 3174 795 3255 δάκρυσι
816 3174 881 3237 sine
892 3175 988 3238 verbo
1011 3174 1158 3255 ἔρρανται,
1174 3174 1205 3237 in
1220 3174 1293 3260 qui·

192 3272 323 3338 busdam
338 3288 446 3338 contra
462 3276 600 3357 ἔρρανται
621 3276 686 3339 sine
708 3275 767 3339 illis
778 3276 903 3340 duabus
917 3277 1046 3339 vocibus
1061 3278 1095 3339 ἔν
1110 3275 1243 3355 δάκρυσι,
1259 3275 1291 3339 in

192 3374 349 3439 nonnullis
369 3399 445 3440 vero
466 3377 531 3440 sine
554 3376 718 3462 utroque.”
762 3377 910 3440 Alienum
933 3377 974 3440 ab
992 3375 1051 3438 hoc
1072 3375 1140 3438 loco
1160 3375 1290 3440 verbum

139 3505 144 3514 *
192 3478 371 3543 assemani
393 3478 507 3542 indicio
528 3478 651 3543 monuit
673 3476 843 3556 Heathius,
864 3478 968 3542 versui
991 3494 1066 3560 571.
1093 3475 1290 3540 inferendum

192 3603 258 3644 esse
290 3581 422 3667 conjecit
448 3583 661 3644 Hermannus.
708 3582 785 3644 Post
814 3583 935 3646 ἄπαιδες
972 3576 1135 3643 scholiasta
1164 3600 1292 3664 quoque

191 3680 278 3767 legit,
292 3685 321 3746 ol
335 3688 437 3762 τοκῆες
451 3686 483 3747 δὲ
499 3684 547 3747 καὶ
561 3686 591 3747 οἱ
604 3690 704 3765 γονεῖς
715 3686 744 3746 οἱ
758 3682 897 3765 γέροντες
912 3684 1050 3764 ἔρρανται
1065 3681 1113 3744 καὶ
1127 3679 1292 3762 βρέχονται

190 3793 252 3853 τοῖς
266 3784 418 3867 δάκρυσιν,
433 3786 605 3869 ὀδυρόμενοι
619 3791 656 3851 τδ
672 3790 704 3851 ἔκ
719 3792 771 3851 τοῦ
785 3790 924 3867 δαίμονος
946 3787 993 3849 καὶ
1015 3789 1065 3863 τῆς
1086 3786 1176 3864 τύχης
1190 3784 1289 3850 αὐτοῖς

191 3886 360 3951 ἐπελθόντα
373 3890 450 3971 ἄχθη
466 3889 499 3951 τὸ
515 3894 575 3953 πᾶν
590 3890 625 3966 δὴ
641 3892 764 3953 κλύουσι
781 3889 828 3951 καὶ
842 3887 1046 3967 μανθάνουσιν
1061 3888 1142 3969 άχος.

233 3992 309 4074 582.
325 3989 478 4071 δυρόμενοι
495 3991 543 4053 Μ.
567 3989 739 4071 ὀδυρόμενοι
754 3988 859 4075 vulgo.

232 4093 308 4176 583.
324 4091 476 4176 κλύουσιν]
492 4118 539 4173 γρ.
556 4094 697 4157 κλύοντες
713 4093 750 4154 Β.
774 4089 895 4154 κλύουσ’
912 4091 995 4154 Rob.

233 4195 307 4275 584.
330 4194 395 4279 δῆν]
418 4194 474 4271 θὴν
496 4193 692 4258 scribendum
711 4192 807 4257 videri
818 4193 883 4256 dixi
899 4192 931 4256 in
956 4191 1107 4278 Stephani
1124 4192 1291 4257 Thesauro

190 4292 252 4356 vol.
267 4315 298 4371 4.
316 4316 346 4379 p.
362 4297 439 4378 364.

232 4396 307 4479 585.
324 4396 375 4460 οὐκ
390 4396 446 4480 ἔτι]
462 4397 522 4460 οὐδ’
538 4397 581 4460 ἔτι
596 4395 716 4483 aliquot
728 4397 810 4461 libri.

708 4520 729 4560 n
747 4521 766 4560 n
