2978 5062
236 314 301 377 188
595 311 972 376 ANNOTATIONES

237 476 398 566 conjunxi
421 476 478 541 bos
498 489 561 541 tres
579 478 663 542 locos
683 477 738 564 qui
761 477 841 541 inter
863 501 895 542 se
917 493 990 542 sunt
1011 477 1166 543 simillimi.
1211 481 1332 545 Eorum

235 579 329 668 primi
343 578 536 644 consentIens
549 595 596 644 est
610 579 641 643 in
657 579 744 644 libris
759 579 911 667 scriptura
925 603 1020 667 quam
1032 581 1171 646 exhibui.
1217 583 1335 647 Portus

235 683 288 746 οὐκ
301 683 340 745 ἄν
355 680 384 744 o‘
399 680 566 764 ἀνάσχοιτ’,
579 681 666 767 quod
682 681 775 746 etiam
790 681 822 745 in
838 681 936 747 altero
950 682 1018 747 loco
1031 682 1072 747 de
1086 684 1264 770 conjectura
1278 706 1334 770 po-

235 781 298 847 suit
313 781 492 857 Barnesius,
508 783 635 869 quicum
652 781 849 848 Florentinos
863 783 958 848 libros
971 806 1143 870 congruere
1157 786 1335 872 suspicatur

236 883 395 949 Matthiae.
440 887 479 949 In
500 885 593 949 tertio
613 882 719 950 Aldus
741 885 781 950 ad
806 907 898 949 suum
925 885 1035 950 cdxliv
1058 912 1094 968 γε
1116 885 1255 973 relapsus
1275 899 1332 951 est.

235 987 343 1064 Quum
359 986 460 1052 tribus
474 987 523 1051 his
533 987 674 1052 versibus
687 988 882 1075 aptissimum
899 987 938 1051 sit
952 989 1004 1051 οὐκ
1016 989 1053 1052 dv
1065 1013 1112 1062 σε,
1123 1010 1184 1052 non
1196 988 1332 1054 multum

234 1087 272 1154 iis
287 1089 488 1155 tribuendum
504 1105 603 1178 puto:
634 1114 816 1179 quanquam
831 1090 888 1178 qui
902 1113 1072 1178 pronomen
1087 1090 1263 1176 requirunt,
1278 1113 1331 1154 ea·

234 1189 306 1255 dem
322 1215 416 1278 opera
431 1205 546 1279 praeter
559 1191 619 1256 alia
633 1192 765 1257 aliorum
781 1194 849 1257 loca
861 1191 1048 1279 Euripidem
1063 1215 1101 1256 eo
1110 1215 1225 1280 augere
1235 1191 1330 1257 debe-

234 1292 316 1358 bunt
331 1291 363 1356 in
378 1293 565 1359 Bacchabus
580 1316 611 1357 v.
627 1294 699 1378 789.

538 1422 663 1501 Βρόμιος
677 1421 730 1485 οὑκ
744 1420 880 1501 ἀνέξεται

366 1525 504 1584 κινοῦντα
518 1520 639 1604 Βάκχας
654 1522 740 1585 εὐίων
754 1525 832 1603 όρῶν
846 1524 915 1586 ἄπο.

235 1659 272 1710 ut
286 1643 437 1732 scriptum
453 1645 545 1709 estin
560 1644 646 1708 libris
662 1644 819 1725 omnibus,
834 1645 891 1710 nisi
911 1646 997 1732 quod
1013 1644 1141 1725 Aldina,
1158 1645 1332 1733 typothetae

236 1762 271 1812 ut
286 1746 410 1810 ridetur
423 1746 528 1833 culpa,
545 1752 681 1811 κινοῦντι.

279 1850 369 1913 XII.
392 1848 504 1912 Alexis
526 1848 612 1934 apud
633 1848 825 1912 Athenaeum
850 1870 898 1914 10.
920 1872 953 1936 p.
972 1868 1036 1930 422
1061 1851 1098 1914 B.
1122 1848 1332 1914 consentiente

234 1950 404 2015 Eustathio
416 1974 448 2037 p.
464 1951 558 2037 1837,
575 1971 627 2019 20.

363 2078 423 2142 οὔτ’
438 2076 476 2141 ἂν
489 2075 609 2142 ἆδικοῖτ’
625 2076 712 2140 οὐδὲν
725 2075 821 2142 οὐδεὶς
831 2074 891 2140 οὔθ
907 2074 1046 2157 ὑβρίζοντ’
1062 2075 1101 2140 ἂν
1115 2077 1201 2141 ἑκιίν.

235 2206 342 2269 Pauca
364 2204 431 2268 haec
447 2219 521 2268 sunt
542 2218 650 2268 contre
671 2217 802 2267 centena
822 2216 972 2290 correptae
994 2200 1156 2288 particulae
1177 2201 1331 2289 exempla,

234 2320 345 2370 utnon
362 2306 418 2370 sim
435 2305 615 2383 miraturus,
632 2305 656 2368 si
672 2304 727 2391 qui
742 2304 801 2368 hoc
820 2318 1015 2390 argumento,
1030 2304 1173 2391 quamvis
1190 2304 1329 2369 omnium

232 2406 441 2485 fallacissimo,
463 2410 634 2472 abutentur
659 2424 695 2470 ut
717 2405 800 2470 locos
822 2428 917 2493 supra
939 2406 1090 2470 Indicatos
1111 2405 1149 2470 iis
1173 2406 1330 2494 corrigant

232 2509 417 2597 conjecturis
432 2532 512 2596 quas
526 2509 591 2595 ipse
606 2531 823 2597 proponerem,
838 2509 896 2573 nisi
911 2525 1012 2574 tacere
1030 2523 1201 2596 proestaret.
1245 2511 1329 2574 Nam

231 2611 289 2677 etsi
304 2612 372 2676 haec
388 2635 436 2675 res
452 2634 553 2696 neque
565 2611 637 2676 olim
655 2611 730 2675 mihi
746 2612 811 2676 visa
824 2627 871 2676 est
885 2626 974 2676 extra
987 2609 1213 2676 dubitationem
1228 2610 1331 2698 posita

230 2737 297 2779 esse
315 2737 418 2800 neque
438 2734 522 2776 nunc
537 2711 673 2790 videtur,
689 2727 791 2777 tamen
813 2714 960 2799 majorem
975 2710 1188 2798 exemplorum
1203 2709 1327 2775 illorum

232 2830 352 2902 partem
369 2816 412 2879 ita
427 2837 492 2878 esse
506 2828 715 2900 comparatam
731 2813 880 2901 intelligo,
894 2828 929 2878 ut
944 2812 1009 2876 sine
1022 2825 1159 2878 veterum
1174 2835 1329 2899 gramma-

231 2916 363 2981 ticorum
380 2914 562 2981 testimoniis
576 2914 607 2978 in
623 2931 765 2982 neutram
784 2931 904 3005 partem
925 2915 1099 3003 quidquam
1122 2915 1330 2982 confidentius

230 3015 438 3105 pronunciare
454 3016 551 3080 liceat.

274 3120 675 3204 563-567=6a6-630.

274 3222 349 3306 564.
376 3221 491 3307 όρθίος]
519 3220 725 3287 Scribendum
749 3225 849 3305 ὄρθιος
873 3244 945 3286 cum
969 3220 1181 3286 Wakefieldo.
1228 3229 1249 3261 “
1264 3223 1328 3287 Re·

230 3321 321 3415 spicit
336 3323 513 3387 Homerum
529 3321 619 3390 Iliad.
635 3329 675 3391 n.
690 3340 765 3410 359.
786 3323 894 3408 Ὀρθοὶ
908 3325 941 3389 δὲ
955 3325 1054 3408 τρίχες
1068 3324 1161 3389 torar
1177 3324 1222 3388 ἐνὶ
1235 3350 1328 3406 γναμ-

229 3430 331 3488 πτοῖσι
351 3424 509 3505 μέλεσσιν.
541 3425 684 3513 Choeph.
705 3445 755 3509 29.
778 3424 918 3508 ὀρθόθριξ
938 3429 1045 3508 φόβος.
1077 3424 1197 3490 Polluc.
1221 3444 1251 3500 2,
1274 3445 1327 3512 31.

230 3529 312 3608 παρὰ
326 3531 480 3608 Σοφοκλεῖ
491 3527 676 3610 Ὀρθόκερως
690 3531 788 3609 φρίκη.
812 3529 877 3591 οἷον
891 3529 1037 3609 ὀρθόθριξ.
1071 3529 1111 3591 Iu
1126 3550 1160 3591 re
1174 3528 1329 3593 contraria

231 3627 346 3713 Eurip.
363 3626 437 3691 Hel.
449 3628 522 3713 638.
546 3627 672 3710 Γίγηθα,
695 3629 778 3710 κρατὶ
795 3627 818 3693 δ’
834 3632 950 3712 ὀρθίους
972 3633 1088 3713 ἐθείρας
1108 3628 1327 3712 Ἀνεπτέρωκο.

233 3729 284 3793 Cf.
309 3729 397 3816 Virg.
416 3731 493 3793 AEn.
513 3750 545 3811 4,
570 3731 660 3800 280.”
682 3730 858 3796 BLOMF.
880 3733 929 3796 καὶ
953 3732 1054 3816 τριχὸς
1076 3734 1175 3815 ὄρθιος
1197 3731 1329 3818 conjecit

233 3829 449 3910 Blomlieldus,
476 3845 513 3894 ut
537 3853 646 3895 versus
673 3831 848 3900 accuratius
876 3833 1077 3920 responderet
1105 3832 1329 3920 antistrophico

234 3934 308 4012 627.

274 4035 349 4118 565.
377 4036 507 4117 κλυούσᾳ
533 4035 745 4100 Hermannus.
780 4037 877 4100 κλύον
901 4036 984 4113 libri,
1009 4036 1066 4102 nisi
1090 4038 1177 4124 quod
1200 4037 1233 4101 in
1258 4036 1328 4102 ood.

232 4134 374 4198 Parisino
390 4157 453 4198 uno
468 4134 598 4200 κλύουο’.
622 4137 720 4207 κλύων
735 4137 836 4204 versui
853 4139 999 4225 proximo
1012 4138 1159 4228 adjungit
1176 4139 1252 4207 Ald.

274 4236 349 4317 566.
366 4237 427 4300 εἴθε
440 4239 498 4319 γὰρ
513 4241 576 4302 θεοὶ
591 4238 674 4301 ΑΒ.
690 4238 814 4326 aliique.
830 4243 857 4308 εί
871 4241 935 4309 θεοί
952 4239 959 4328 Ι
977 4242 1041 4306 θεοὶ
1052 4243 1102 4306 Μ.
1119 4245 1180 4310 είθε
1192 4244 1221 4307 οἱ
1239 4242 1246 4328 Ι
1265 4242 1342 4308 θεολ

230 4332 337 4420 vulgo.

273 4438 347 4522 567.
363 4438 418 4524 γᾷ]
435 4442 474 4524 γῇ
490 4438 567 4503 Ald.
583 4438 669 4504 Rob.
