2978 5062
258 333 307 399 :68
624 330 1003 399 ANNOTATIONES

263 496 390 565 ridetur
402 496 619 563 antecedentes
639 496 671 559 in
691 511 794 559 mente
808 493 915 557 divina
929 493 1112 581 priusquam
1127 495 1297 559 existerent
1318 519 1366 560 re·-

260 621 334 662 rum
350 598 505 681 notiones)
523 598 571 662 καὶ
584 595 752 680 ἀρχέτυπον
766 594 964 677 παράδειγμα,
979 599 1016 660 τά
1031 598 1064 659 ἐκ
1083 600 1135 675 τῆς
1148 598 1221 676 ὕλης
1235 599 1365 661 ἀποσκο-

263 703 323 772 πεῖ,
348 699 396 763 καὶ
416 705 468 762 τοῦ
491 700 600 763 οἰκείου
620 695 725 764 τέλους
740 697 901 780 τυγχάνειν
923 704 1013 762 ποιεῖ·
1036 700 1119 762 ἀλλα
1142 700 1191 762 καί
1210 701 1256 762 ὅτι
1274 700 1366 780 φύσει

262 797 485 882 προγευεστέρα
504 798 688 882 ὑπάρχουσα
717 798 777 882 (ita
807 797 992 884 legendum)
1020 800 1083 885 ἀσιρ
1113 802 1281 882 συναυείρει
1308 803 1366 881 μὶν

265 904 354 989 ἑαυτῇ
375 906 413 967 τὸ
428 905 531 981 λοιπὰ,
552 902 587 965 οῦ
607 904 812 982 συνανείρεται
833 903 865 965 δέ
888 902 1020 968 ἐκείνοις.
1065 900 1246 964 Nicomach.
1261 900 1316 965 lib.
1335 923 1363 966 1.

263 1004 450 1084 ἀριθμητικῆς
468 1006 643 1084 εἰσαγωγῆς.
688 1003 778 1068 Inter
804 1001 1006 1089 Pythagorea
1029 1002 1202 1080 ἀκούσματα
1225 1019 1365 1065 recenset

263 1104 462 1168 Jamblichus
482 1106 514 1168 τί
533 1103 568 1166 τὸ
590 1104 786 1185 σοφώτατον;
810 1102 941 1183 ἀριθμὸς,
964 1102 1004 1166 de
1025 1103 1083 1167 vlt.
1107 1102 1244 1190 Pythag.
1267 1127 1295 1167 c.
1314 1120 1363 1186 17.

261 1206 359 1284 ,Quod
372 1228 447 1270 vero
461 1206 501 1269 ad
516 1223 675 1269 auctorem
691 1204 909 1269 Arithmeticae
925 1219 1054 1290 spectat,
1069 1218 1154 1282 sunt,
1171 1205 1226 1289 qui
1243 1204 1365 1267 Miner-

262 1331 333 1371 vam
357 1330 395 1371 eo
418 1307 543 1373 nomine
571 1305 713 1384 laudent,
738 1306 812 1370 Liv.
835 1321 864 1388 7.
887 1326 919 1391 3.
945 1327 1040 1393 eoque
1065 1307 1227 1370 Minerva
1251 1307 1364 1392 templo

262 1410 400 1473 ιίἰααίοηι
424 1409 535 1495 legem,
557 1410 634 1495 quia
656 1428 809 1471 numerus
833 1428 856 1470 a
878 1407 1031 1471 Minerva
1048 1409 1201 1472 inventus
1222 1410 1287 1480 ςιί,·
1311 1407 1363 1472 alii

263 1509 477 1589 Palamedem,
491 1508 532 1573 de
549 1533 614 1596 quo
629 1508 732 1588 Plato,
751 1507 770 1588 ἢ
792 1508 844 1572 οὐκ
867 1510 1044 1589 ἐννενόηκας
1062 1510 1108 1573 ὅτι
1130 1510 1225 1591 φησὶν
1237 1509 1364 1591 ἀριθμὸν

264 1612 367 1692 εὑρών.
391 1609 560 1697 Sophocles
574 1609 615 1674 de
629 1610 737 1674 eodem
755 1609 811 1695 [fr.
825 1612 916 1698 379]

349 1745 432 1811 οὗτος
447 1741 471 1806 δ’
488 1746 596 1826 ἐφεῦρε
610 1750 716 1828 τεῦχος
729 1745 857 1830 Ἀργείφ
873 1748 989 1831 στρατῷ

350 1846 484 1927 σταθμήν
498 1844 522 1908 τ’
541 1847 719 1933 [σταθμῶν,]
737 1851 867 1930 ἀριθμῶν
881 1849 929 1911 καί
942 1847 1058 1930 μέτρων
1073 1847 1221 1929 εὑρήματα

350 1945 457 2011 κάκεῖν’
473 1947 572 2026 έτευξε
586 1959 645 2012 etc.

262 2080 433 2168 Euripides
445 2081 476 2144 in
493 2080 665 2145 Phoenissis
677 2098 755 2168 545.

348 2220 396 2284 καί
410 2223 468 2302 γὰρ
481 2217 561 2300 μέτρ’
577 2220 771 2300 ἀνθρώποισι,
788 2221 836 2284 καί
849 2220 924 2303 με’ρη
939 2225 1080 2298 σταθμῶν

348 2322 449 2401 ἰσότης
464 2321 566 2400 ἔταξε,4
576 2322 718 2402 κάριθμὸν
733 2322 862 2403 διώρισε.

261 2456 308 2518 Et
322 2454 475 2518 Manilius
488 2476 522 2535 4,
540 2471 611 2537 207.

348 2573 412 2646 Qut
422 2574 550 2658 primas
563 2594 710 2637 numeros
724 2573 828 2649 rebus,
843 2573 899 2657 qai
913 2573 1044 2635 nomina
1058 2574 1190 2635 σωυιυιίς

344 2675 512 2759 Imposuit,
527 2683 706 2761 certumque
719 2674 854 2753 modam,
864 2675 1229 2760 propriaequefiguras.

261 2792 511 2977 ἐἷ’ἀφίσῒιάτων]
538 2891 731 2974 νοφισμάτων
746 2893 798 2956 Μ.
831 2893 944 2956 Veram
960 2893 1145 2980 scripturam
1169 2894 1200 2958 in
1219 2893 1359 2980 margine

258 2993 422 3081 adscripsit
436 3015 547 3057 manus
560 2993 721 3057 recentior.
754 2992 937 3073 Scholiasta,
954 2994 1101 3077 γράφεται
1123 2997 1171 3060 καὶ
1186 2996 1357 3078 νοσφισμά-

258 3117 327 3161 των·
352 3097 401 3160 καί
414 3095 471 3179 γάρ
490 3121 533 3162 τις
553 3095 663 3177 μέτρον
683 3097 839 3179 γινώσκων
860 3101 919 3159 τῶν
937 3095 1117 3179 πραγμάτων
1141 3098 1231 3162 αὐτοῦ
1249 3084 1358 3162 οῦποτε

258 3203 310 3260 τοῦ
325 3198 436 3264 εἰκότος
451 3196 582 3260 ἐκπέσοι.

301 3300 377 3379 460.
394 3298 529 3385 ἐξεῦρον]
547 3297 753 3363 Scribendum
771 3297 894 3380 ἐξηῦρον
908 3321 947 3363 ex
963 3297 1081 3362 Stobaei
1098 3295 1207 3362 Floril.
1224 3299 1278 3376 81,
1297 3319 1323 3363 1.

299 3400 479 3483 γραμμάτων
507 3426 541 3465 τε
567 3400 738 3485 συνθέσεις]
773 3401 825 3465 Ita
855 3400 1017 3465 Cedrenus
1046 3422 1079 3486 p.
1102 3401 1153 3465 66.
1184 3403 1358 3482 Προμηθεὺς

257 3504 470 3584 γραμματικὴν,
483 3504 522 3570 ὥς
537 3513 643 3585 φασιν,
660 3506 787 3585 ἐξεῦρεν·
810 3516 842 3567 et
855 3502 985 3568 Suidaa:
1010 3502 1185 3584 Προμηθεὺς
1200 3503 1267 3584 εῦρε
1281 3510 1358 3584 πρώ-

257 3628 308 3670 τος
329 3605 383 3681 τὴν
397 3605 600 3686 γραμματικὴν
622 3606 818 3687 φιλοσοφίαν.
855 3602 923 3668 Alii
944 3603 985 3668 ad
1007 3603 1083 3668 alios
1104 3603 1253 3668 referunt.
1291 3605 1357 3669 Pli-

258 3703 330 3768 nius
352 3706 398 3768 H.
421 3706 464 3769 N.
482 3722 513 3787 7,
531 3706 584 3790 56.
611 3707 740 3769 macras
763 3727 887 3790 semper
912 3707 1054 3770 arbitror
1075 3707 1356 3792 Assyriasfiairae,

257 3809 311 3869 sed
332 3808 391 3870 alii
411 3809 501 3893 αμιιιί
522 3807 701 3894 AEgpptioa
725 3828 747 3869 a
768 3807 945 3885 Mercurio,
969 3816 1005 3872 at
1029 3808 1162 3886 Gellius,
1188 3810 1246 3872 alii
1269 3811 1358 3896 opud

258 3908 359 3993 Syros
376 3917 518 3995 repertas
537 3909 657 3972 volunt.
702 3905 873 3992 Euripides
893 3906 933 3970 ad
956 3907 1168 3988 Palamedem,
1183 3910 1275 3998 cujus
1296 3911 1358 3975 sub

257 4031 389 4094 persona
404 4010 447 4073 ita
462 4009 601 4096 loquitur
615 4010 728 4095 fragm.
746 4027 776 4073 υ.

343 4130 381 4190 τὰ
394 4131 445 4205 τῆς
459 4153 494 4209 γε
510 4127 603 4207 λήθης
618 4125 747 4209 φάρμακ’
763 4127 898 4207 ὀρθώσας
912 4131 1015 4206 μόνον,

344 4229 452 4308 ἄφωνα
466 4230 515 4293 καί
529 4235 687 4311 φωνοῦντα
701 4231 861 4307 συλλαβάς
874 4231 964 4297 τιθείς
979 4229 1152 4314 [συλλαβάς
1165 4255 1198 4295 τε
1214 4229 1287 4314 θείς]

344 4330 464 4410 ἐξεῦρον
478 4331 660 4412 ἀνθρώποισι
673 4327 817 4412 γράμματ’
833 4329 952 4394 εἰδέναι.

258 4445 425 4509 STANL.
460 4446 639 4526 γραμμάτων
653 4448 686 4509 δέ
701 4448 844 4513 σύνθεσιν
860 4448 1013 4514 Stobaeus.
