2978 5062
539 340 607 403 AD
630 340 819 405 PERSAS.
1164 345 1229 414 299

174 505 314 590 ἀροῦμεν]
333 507 449 587 ὅρωμεν
465 506 548 571 Rob.
583 507 721 571 Primam
735 507 767 570 in
783 509 853 588 ἀρῶ,
869 506 957 592 quod
971 520 1063 572 vetus
1076 525 1124 573 est
1137 509 1225 574 futu·

129 628 200 670 rum
223 606 264 671 ab
287 608 385 688 ἀείρω,
408 606 532 693 longam
555 630 621 671 esse
642 607 756 672 docent
770 609 930 672 Porsonus
950 607 991 672 ad
1006 609 1121 697 Eurip.
1137 609 1226 675 Med.

131 708 203 788 848.
218 706 388 772 Elmsleius
401 706 441 770 ad
458 707 619 772 Heraclid.
633 727 709 793 323.
732 709 907 772 BLOMF.

175 811 248 894 796.
264 810 378 894 τόποις]
393 812 511 891 τρόποις
526 811 576 874 Μ.

174 926 247 995 797.
264 910 396 995 κυρήσει]
412 913 512 992 τύρσει
526 912 609 976 Rob.

174 1011 292 1075 Darius
305 1012 392 1075 chori
407 1035 505 1099 spem,
520 1036 616 1099 quam
631 1013 663 1077 in
678 1012 732 1078 illo
746 1015 885 1080 exercitu
898 1030 1056 1104 posuerat,
1068 1015 1117 1079 his
1126 1015 1230 1080 verbis

131 1110 292 1198 infringit:
317 1115 447 1176 minime
470 1136 544 1179 nero
567 1116 714 1179 delectam
736 1139 866 1181 manum
891 1119 1070 1206 recipietis;
1103 1119 1166 1180 ιὐιο
1190 1139 1230 1181 ue

131 1216 185 1278 ille
207 1217 332 1303 quidem
353 1219 520 1294 esuritur,
543 1219 599 1304 qui
624 1219 797 1282 etiamnum
823 1221 858 1281 in
883 1221 1011 1284 Graecia
1034 1220 1162 1283 relictus
1184 1228 1231 1283 eat

131 1317 241 1379 salvata
256 1318 381 1381 redibit.
426 1319 508 1381 Haec
521 1332 553 1381 et
568 1319 728 1404 sequentia
744 1319 894 1383 divinitus
913 1343 933 1383 a
947 1321 1047 1384 Dario
1061 1319 1229 1399 dicuntur;

132 1432 215 1482 certe
234 1417 361 1482 aliunde
383 1418 459 1482 nihil
482 1419 523 1484 de
545 1420 684 1484 exercitu
706 1420 761 1484 illo
782 1421 841 1485 sub
862 1421 1008 1508 auspiciis
1023 1420 1184 1486 Mardonii
1197 1421 1230 1485 in

135 1519 261 1583 Graecia
274 1517 381 1583 relicto
395 1535 564 1604 acceperat.
589 1521 689 1584 SCH.

177 1621 251 1705 798.
267 1621 402 1699 Chorus,
417 1621 468 1685 cui
484 1621 613 1686 nuntius
628 1621 705 1686 nihil
719 1623 760 1687 dc
773 1637 862 1709 parte
876 1624 1036 1711 copiarum
1054 1643 1232 1691 remanente

133 1738 326 1802 narraverat,
353 1723 440 1787 haud
463 1723 528 1787 sine
551 1748 644 1789 causa
667 1727 798 1792 miratur
826 1727 859 1791 id
888 1728 975 1814 quod
1004 1729 1098 1792 modo
1126 1750 1232 1815 regem

134 1823 287 1888 dicentem
303 1825 476 1889 audiverat.
501 1827 599 1889 SCH.

179 1928 252 1990 800.
274 1927 384 2007 παῦροί
397 1951 434 2008 γε
448 1930 583 2010 πολλῶν]
604 1927 695 1990 Infra
706 1943 798 2008 1017.
822 1925 914 2009 Ὁρᾶς
927 1929 961 1992 τὸ
976 1929 1084 1994 λοιπὸν
1098 1932 1166 1994 τόδε
1180 1935 1233 1999 τᾶς

137 2032 207 2110 {aas
233 2034 346 2098 στολᾶς
357 2030 487 2103 ;—Botd
509 2028 548 2112 γ’,
572 2032 612 2095 ῶς
638 2030 697 2093 ἀπὸ
721 2035 854 2093 πολλῶν.
878 2030 1029 2118 Thucyd.
1051 2050 1082 2116 7,
1106 2032 1157 2114 87.
1184 2032 1233 2096 καὶ

111 2168 115 2176 ·
135 2135 235 2215 ὀλίγοι
249 2134 308 2197 ἀπὸ
323 2140 447 2197 πολλῶν
461 2132 506 2197 ἐπ’
522 2137 603 2198 οἴκου
617 2135 838 2211 ἀπενόστησαν.
862 2132 1037 2196 BLOMF.

179 2235 252 2298 801.
269 2235 482 2318 θεσφάτοισιν]
502 2234 565 2298 Ηίο
579 2247 687 2322 aperte
701 2232 807 2319 prodit
823 2232 940 2297 Darius
954 2255 987 2296 se
1001 2233 1061 2296 ista
1074 2255 1147 2318 quae
1165 2231 1234 2318 jam

136 2335 278 2401 dicturus
292 2337 343 2414 sit,
357 2359 397 2400 ex
412 2336 544 2400 oraculis
557 2335 706 2399 divinare.
731 2335 831 2398 SCH.

180 2440 255 2503 802.
285 2438 462 2523 βλέψαντα]
490 2438 662 2516 βλέποντας
685 2435 768 2500 Rob.
801 2434 965 2517 βλέψαντα
987 2435 1090 2499 Viteb.
1118 2434 1232 2522 Eurip.

137 2539 210 2625 Iph.
227 2543 272 2603 A.
288 2559 382 2618 1411.
407 2544 538 2602 Μᾶλλον
560 2542 593 2602 δὲ
615 2542 746 2620 λέκτρων
764 2542 827 2599 σῶν
841 2538 933 2604 πόθος
953 2536 982 2616 μ’
999 2535 1165 2620 ἐσέρχεται,
1182 2540 1236 2604 Εἰς

137 2643 191 2722 τὴν
205 2645 299 2724 φύσιν
311 2642 487 2723 βλέψαντα·
511 2642 635 2723 γενναία
649 2642 707 2722 γὰρ
723 2639 759 2703 εἴ.
783 2638 956 2702 BLOMF.

180 2746 216 2809 mi
230 2748 267 2807 τὰ
280 2746 346 2824 μέν,
370 2742 444 2807 τὰδ’
461 2742 506 2828 οὔ]
522 2742 635 2828 Eurip.
653 2739 727 2804 Hel.
744 2759 816 2825 952.
841 2746 934 2804 Δυοῖν
949 2743 1006 2822 γὰρ
1022 2743 1131 2814 ὄντοιν,
1148 2741 1204 2824 οὐχ
1218 2742 1235 2803 ὁ

137 2848 194 2926 μὲν
208 2846 337 2927 τλήμων,
358 2848 375 2909 ὁ
398 2844 422 2909 δ’
444 2847 488 2909 οὔ.
507 2843 672 2931 Phocylid.
687 2866 739 2930 ap.
757 2842 859 2907 Strab.
875 2863 927 2906 10.
944 2866 973 2929 p.
989 2845 1065 2925 487.
1089 2843 1147 2907 Καὶ
1168 2845 1237 2907 τόδε

138 2948 326 3013 Φωκνλιδέω·
350 2947 453 3028 Λέρισι
466 2948 558 3010 κακοί·
582 2947 639 3030 οὐχ
653 2948 669 3009 ὁ
684 2948 750 3025 μέν,
767 2946 800 3013 ὃς
815 2944 838 3009 δ’
851 2948 895 3010 οὔ·
920 2946 1049 3019 Πάντες,
1062 2945 1142 3023 πλήν
1154 2950 1236 3023 Προ-

139 3051 252 3118 κλέους·
277 3051 324 3114 καὶ
343 3049 500 3131 Προκλέης
519 3048 634 3131 Λέριος.
680 3048 732 3112 Cf.
751 3048 952 3112 Demodocus
967 3047 1054 3111 Anal.
1071 3045 1133 3110 vol.
1150 3064 1181 3112 2.
1205 3068 1236 3132 p.

138 3155 190 3236 56.
215 3151 372 3214 Herodot.
388 3172 417 3228 1,
432 3170 504 3234 139.
522 3152 553 3217 ές
566 3158 653 3215 τοῦτο
669 3149 819 3228 διζήμενος
834 3149 967 3231 εὑρήσεις
982 3155 1165 3214 τελευτῶντα
1179 3153 1238 3211 τῶν

139 3252 286 3335 Περσέων
300 3255 337 3315 τὰ
359 3253 517 3332 οὐνόματα,
534 3252 569 3315 οὐ
590 3254 628 3314 τὰ
648 3253 714 3329 μέν,
735 3255 771 3314 τὰ
793 3250 817 3314 δ’
834 3252 878 3324 οὐ,
898 3253 980 3314 ἀλλὰ
1001 3250 1099 3314 πάντα
1120 3252 1237 3327 ὁμοίως.

139 3353 295 3417 Herodot.
313 3372 343 3417 2.
359 3368 411 3438 37.
432 3353 485 3416 οὐκ
504 3355 520 3414 ὁ
538 3352 604 3431 μὲν,
621 3354 637 3413 ὁ
656 3351 680 3415 δ’
697 3353 740 3424 οὔ,
759 3353 840 3415 ἀλλὰ
854 3351 972 3418 πάντες.
997 3349 1141 3437 Sophocl.
1157 3351 1238 3414 OEd.

141 3458 181 3520 C.
196 3458 288 3536 1671.
313 3455 348 3518 mi
370 3455 403 3517 τὸ
425 3455 490 3533 μέν,
506 3454 585 3516 ἄλλο
608 3455 641 3516 δὲ
661 3452 711 3533 μή.
744 3452 858 3538 Eurip.
880 3452 993 3515 Phoen.
1009 3456 1099 3536 1665.
1123 3452 1158 3516 οὗ
1180 3455 1238 3534 γὰρ

140 3557 174 3620 τὸ
188 3557 245 3635 μέν
259 3581 309 3619 σοι
323 3557 403 3636 βαρὺ
418 3561 524 3633 κακῶν,
540 3554 575 3617 τὸ
591 3556 614 3618 δ’
630 3556 665 3619 οὐ
678 3556 767 3635 βαρύ.
791 3554 966 3618 BLOMF.

183 3658 257 3721 806.
273 3657 377 3741 φίλον]
393 3660 483 3738 φίλος
498 3659 550 3720 Μ.
565 3671 597 3720 et
613 3673 674 3720 tres
688 3656 750 3721 alii.

183 3759 317 3840 πίασμα]
342 3759 504 3844 Quidquid
519 3760 737 3845 pingntfitcit.
784 3757 940 3823 Stanleius
965 3757 1084 3821 confert
1107 3755 1239 3842 Dionys.

141 3861 262 3947 Pericg.
280 3876 351 3941 227.
370 3859 475 3923 ’Ύδατι
495 3859 768 3962 πιαίνων.λιπαρόν
787 3859 879 3924 πέδον
893 3861 1066 3942 Αἰγύπτοιο.
1080 3871 1112 3922 et
1127 3856 1238 3943 Vrrgil.

141 3964 218 4026 AEn.
236 3983 266 4046 9,
281 3981 334 4045 31.
344 3963 467 4048 pingui
470 3962 611 4048 flumine
625 3963 738 4026 Nilus.
762 3962 937 4026 BLOMF.

182 4064 255 4128 808.
279 4063 486 4147 φρονημάτων]
509 4062 685 4143 δωρημότων
699 4062 820 4149 aliquot
840 4060 932 4126 codd.
955 4082 1051 4148 quam
1074 4057 1238 4123 lectionem

140 4179 293 4229 memorat
307 4163 471 4228 scholiasta
485 4178 517 4228 et
532 4181 695 4251 utcunque
708 4163 851 4252 explicat.

185 4269 258 4350 809.
274 4266 308 4329 οὗ
323 4270 399 4329 θεῶν
413 4265 506 4346 βρέτη
521 4264 646 4344 ᾐδοῦντο
662 4266 771 4350 συλῶν]
788 4262 1015 4329 Themistocles
1034 4262 1122 4350 apud
1137 4263 1241 4327 Hero·

141 4367 252 4432 dotum
268 4368 385 4450 8,109.
402 4366 441 4430 de
457 4368 569 4430 Xerxe
584 4367 725 4452 loquens,
740 4367 773 4435 ὃς
792 4371 830 4431 τὰ
850 4370 909 4448 ἱρὰ,
925 4365 1038 4452 inquit,
1055 4366 1103 4430 καὶ
1123 4367 1161 4429 τὰ
1181 4367 1242 4429 ἴδια

647 4487 736 4552 apa
