2978 5062
200 331 244 399 66
562 334 942 400 ANNOTATIONES

241 500 323 588 μηδ’]
338 501 404 584 μηδ’
420 503 559 568 Α.Β.Μ.
574 501 700 590 aliique.
723 501 829 590 Vulgo
841 501 918 585 μήτ’.

241 605 316 691 438.
338 604 613 691 προυσελούμενον]
630 603 763 670 Codioes
783 605 925 693 plerique
938 617 970 670 et
984 603 1069 670 Atd.
1079 603 1166 669 Rob.
1184 604 1294 693 Steph.

198 707 451 788 προσελοιίμενον.
489 705 587 771 Pauci
611 708 867 788 προσηλοιίμενον,
890 730 929 771 ex
954 730 1020 793 quo
1041 720 1225 793 corruptum
1249 721 1298 771 est

197 809 490 889 προσσιλλοιίμενον,
505 808 591 894 quod
606 807 704 874 habet
718 809 822 874 Turn.
853 810 906 872 Ex
922 810 972 872 M.
987 808 1118 872 affertur
1129 811 1299 890 προσεηλύ-

196 934 297 989 μενον.
336 910 449 973 Veram
478 910 662 996 scripturam
686 912 949 993 προυσελούμενον
976 910 1137 975 Porsonus
1160 909 1298 975 restituit

197 1010 310 1076 collato
332 1013 443 1098 Etym.
465 1013 515 1076 Μ.
537 1014 658 1098 p.690‚
676 1031 726 1076 11.
749 1011 958 1094 Προσίληνοιε
981 1017 1163 1093 προυσελεῖν
1185 1009 1297 1099 (vulgo

195 1116 414 1196 προυσελλεῖν)
430 1113 557 1196 λέγουσι
577 1115 613 1178 τὸ
633 1117 774 1197 ὑβρίζειν
797 1118 846 1180 καί
866 1119 896 1182 ol
913 1117 1063 1198 Ἀρκάδες,
1080 1117 1182 1197 ἐπειδὴ
1195 1121 1297 1181 λοιδο-

195 1218 311 1297 ρητικοί
321 1219 409 1280 είσιν·
432 1219 523 1283 οὗτος
537 1219 571 1281 ἓν
585 1217 770 1297 ὑπομνήματι
784 1218 966 1300 Προμηθέως
978 1219 1138 1299 δεσμότον.
1161 1232 1192 1283 et
1207 1218 1296 1283 resti-

196 1331 300 1381 tuerat
322 1317 370 1381 vir
390 1317 503 1382 doctus
527 1318 561 1382 in
584 1318 724 1404 marm‘ue
748 1318 934 1406 exemplaris
957 1319 1185 1385 Needhamiani
1206 1320 1295 1407 apud

197 1417 432 1498 Blomfieldum,
454 1419 567 1485 collata
590 1419 693 1506 glossa
715 1419 868 1506 Hesychii
890 1427 1086 1503 προυγελεῖνι
1109 1423 1294 1503 προπηλακί-

195 1528 267 1598 ζειν,
290 1522 432 1603 ὑβρίζειν,
454 1521 541 1608 quod
565 1527 746 1604 προνίελεῖν
769 1544 842 1587 cum
867 1523 1027 1610 digammo
1051 1523 1201 1610 scriptum
1228 1546 1296 1588 esse

196 1618 323 1685 videtur
337 1623 533 1688 Buttmanno
549 1622 653 1688 Lexil.
669 1623 730 1688 vol.
742 1642 773 1689 ο.
787 1647 820 1711 p.
839 1628 909 1690 161.
944 1624 1113 1712 Vulgarem
1128 1624 1215 1689 verbi
1229 1625 1296 1689 for·

195 1741 279 1786 mam
302 1722 363 1788 alia
382 1726 501 1810 praebet
521 1725 624 1812 glossa
638 1726 791 1813 Hesychii
806 1732 964 1809 Προσελεῖ
978 1725 1091 1807 (codex
1112 1726 1293 1809 προσίλει)ι

195 1830 416 1907 προπηλακίζει.
442 1827 648 1915 Aristophani
663 1830 746 1895 Rau.
762 1845 836 1915 730.
853 1827 909 1894 ubi
921 1829 1165 1912 προσελοίμενον
1177 1826 1296 1892 violato

194 1941 296 1993 metro
319 1927 493 2017 legebatur,
515 1935 741 2013 προυσελοῦμεν
762 1931 884 1996 restitui
906 1952 946 1995 ex
969 1929 1075 1995 codice
1098 1929 1295 1995 Rauennate.

195 2031 260 2094 Pro
273 2053 312 2095 eo
326 2038 550 2115 προυγελοτῖμεν
563 2032 714 2120 scriptum
728 2034 815 2122 apud
831 2033 992 2098 Stobaeum
1008 2027 1120 2098 Floril.
1135 2050 1190 2114 43,
1208 2033 1262 2099 28.

236 2151 313 2213 441.
335 2133 405 2198 ἀλλ’
421 2136 509 2220 αὐτὰ]
535 2138 724 2201 ἄλλοταῦτα
736 2136 829 2201 codd.
846 2149 1008 2222 quattuor.
1045 2134 1124 2199 Duo
1143 2132 1195 2198 alii
1210 2134 1295 2199 ἆλλὸ

193 2239 286 2299 τοῦτο
299 2235 367 2314 μέν.

237 2340 406 2423 εἰδυίαισιν]
424 2341 583 2405 αἰδοίοισιν
597 2337 675 2404 Ald.

236 2459 312 2522 442.
327 2444 383 2507 τάν
396 2443 533 2531 βροτοῖς]
549 2470 596 2525 γρ.
611 2442 636 2506 τ’
653 2444 815 2524 ἀμβροτοῖς
828 2442 868 2505 Β.

235 2543 368 2628 πήματα]
385 2546 556 2625 πταίσματα
568 2545 815 2631 superscriptum
830 2542 862 2607 in
876 2543 917 2606 B.

236 2663 311 2725 444.
328 2646 509 2731 ἐπηβόλους]
524 2647 686 2725 ἐπιβόλονς
698 2645 790 2710 codd.
805 2644 926 2731 aliquot
939 2658 972 2708 et
985 2641 1064 2709 Ald.
1081 2645 1185 2708 Turn.

235 2747 312 2825 446.
327 2746 380 2830 ὦν]
395 2748 457 2810 οἶσι
470 2747 554 2811 AB.

237 2846 352 2933 δέδωκ’]
368 2845 450 2912 ἔδωκ’
467 2850 508 2913 F.

236 2969 311 3033 449.
326 2949 453 3036 χρόνον]
469 2954 541 3031 βίον
556 2952 604 3014 Μ.
621 2949 718 3015 etalii
736 2948 875 3036 plurimi,
890 2970 929 3013 ex
944 2948 1138 3036 glossemate,
1154 2962 1192 3012 ut
1205 2947 1293 3015 vide·

195 3062 256 3113 tur.
295 3053 378 3115 Cum
401 3052 555 3140 scriptura
575 3051 705 3139 vulgata
725 3064 924 3138 comparetur
946 3051 1041 3138 Soph.
1064 3048 1199 3115 Philoct.
1212 3055 1291 3136 306.

192 3155 368 3235 πολλὰγὰρ
383 3152 453 3219 τάδε
468 3157 503 3220 ἐν
516 3159 556 3242 τῷ
570 3159 672 3240 μακρῷ
687 3152 795 3237 γίνοιτ’
811 3153 850 3218 ἃν
864 3154 1027 3236 ἀνθρώπων
1041 3155 1150 3240 χρόνῳ.

234 3272 311 3339 450.
334 3257 431 3343 κοῦτε]
458 3255 642 3344 Respondet
667 3257 703 3322 οὐ
729 3278 820 3320 versu
846 3255 1007 3343 proximo:
1032 3255 1119 3341 quod
1139 3254 1293 3323 similibus

192 3378 292 3441 quum
309 3357 495 3444 tragicorum
513 3374 581 3423 tum
596 3358 728 3423 aliorum
751 3357 936 3444 scriptorum
952 3356 1103 3444 exemplis
1123 3357 1293 3424 illustravit

193 3459 370 3524 Schaelerus
384 3459 425 3524 ad
441 3461 555 3525 Lamb.
573 3463 645 3525 Bos.
661 3460 773 3548 Ellips.
788 3484 819 3547 p.
833 3479 904 3544 229.

233 3580 310 3642 451.
338 3561 528 3647 προσείλους]
557 3542 727 3643 προσῗίλονς
767 3562 819 3625 Μ.
878 3561 1047 3642 προσήλονς
1082 3558 1160 3624 Ald.
1205 3561 1290 3627 Rob.

193 3661 302 3746 Steph.
334 3676 366 3725 et
396 3661 491 3727 codd.
525 3662 686 3726 nonnulli:
723 3664 900 3744 προσείλους
941 3661 1086 3749 plerique
1120 3675 1152 3726 et
1183 3661 1291 3726 Turn.

190 3769 212 3800 “
227 3764 266 3826 In
291 3763 424 3827 Philost.
444 3762 507 3827 Vit.
532 3763 681 3850 Apollon.
703 3781 731 3842 2,
756 3765 806 3827 18.
831 3763 924 3829 codd.
947 3763 1068 3827 variant
1093 3763 1174 3827 inter
1195 3766 1291 3845 πρόσ-

192 3873 259 3929 ειλο
284 3877 316 3930 ct
341 3864 489 3948 πρόσηλα,
520 3887 655 3951 quorum
687 3864 842 3952 posterius
868 3865 1026 3929 Gruterus
1057 3879 1088 3929 et
1120 3863 1291 3930 Salmasius

190 3980 299 4030 contra
319 3967 492 4054 analogiam
518 3965 703 4054 praelerunt,
725 3966 880 4031 formatur
901 3966 983 4030 enim
1010 3966 1051 4030 ab
1070 3970 1146 4047 είλη,
1164 3989 1224 4031 non
1248 3968 1290 4032 ab

189 4066 292 4144 ἤλιοςι
317 4069 379 4132 vid.
403 4068 574 4134 Ruhnken.
590 4069 630 4133 ad
654 4068 739 4133 Tim.
763 4092 794 4154 p.
814 4073 865 4153 96.
889 4071 998 4156 Etym.
1023 4071 1073 4133 Μ.
1095 4092 1127 4155 p.
1145 4071 1220 4152 690,
1240 4089 1289 4154 15.

191 4165 360 4248 Πρόσειλος
382 4173 468 4236 οίκίο.
492 4171 586 4235 Phot.
602 4171 682 4234 Lex.
698 4168 876 4252 Πρόσειλος.
899 4170 972 4252 πρὸς
994 4170 1048 4249 τὴν
1067 4175 1120 4234 τοῦ
1133 4171 1221 4249 ἡλίου
1236 4172 1289 4236 οὐ·

189 4269 246 4350 γὴν
262 4271 472 4350 ἒστραμμένος.
499 4273 538 4336 In
552 4271 700 4358 Euripid.
715 4271 867 4336 Phoeniss.
880 4274 953 4353 674.
966 4292 1026 4358 pro
1038 4271 1184 4352 εὐηλίοισι
1196 4271 1290 4335 Mus-

188 4371 317 4460 gravius
331 4373 508 4438 emendavit
529 4374 682 4447 είείλοισι,
697 4387 729 4437 et
751 4375 866 4440 εὖειλος
888 4371 982 4436 habet
1004 4372 1114 4459 Etym.
1131 4373 1181 4436 M.
1204 4373 1291 4437 Pho-

190 4475 252 4540 tius
267 4489 370 4540 tamen
387 4475 513 4553 Βίηλος.
534 4474 660 4554 soltus.
684 4472 912 4555 Ἀριστοφάνης.
935 4494 1048 4561 nempe
1064 4473 1096 4538 iu
1112 4473 1195 4537 Rau.
1213 4491 1289 4554 240.
