2978 5062
476 356 545 420 AD
568 357 928 422 PROMETHEUM.
1192 355 1257 423 117

154 519 189 582 τὸ
203 520 251 584 dcl
271 523 344 600 δρᾶν
364 523 402 583 τδ
417 519 478 584 κατ’
493 521 597 602 αὐτὴν,
613 524 723 587 ὡσανεὶ
741 523 931 605 άειδράοτειο
950 525 1035 587 οὖσα.
1058 523 1163 609 quoad
1187 546 1257 610 pos-

155 634 265 694 trema,
281 620 355 684 satis
368 621 514 686 absurde.
542 623 654 688 Priora
666 623 818 688 desumsit
832 647 872 689 ex
889 623 1059 689 Aristotele
1073 625 1114 689 dc
1131 625 1258 690 Mundo

155 748 188 812 p.
203 738 278 808 475.
295 724 338 788 G.
364 722 453 787 Stob.
478 723 548 789 Ecl.
567 745 594 788 1.
616 747 648 810 p.
668 744 738 807 190.
761 724 810 788 ed.
833 727 970 789 Heeren.
1017 726 1139 790 Eadem
1163 727 1258 792 habet

154 824 321 890 scholiasta
344 824 485 888 Platonis
506 826 556 889 cd.
576 824 750 890 Ruhnken.
773 850 806 913 p.
824 828 896 890 161.
918 828 1061 912 Hesych.
1083 827 1256 910 Ἀδραοτίο.

155 931 175 1010 ἡ
190 928 332 1008 Νέμεσις,
347 927 385 1006 ἦν
398 928 452 991 οὐκ
467 928 505 991 άν
518 952 562 995 τις
576 926 784 1007 άποδράσειεν.
817 927 966 992 Hermias
987 929 1018 992 in
1038 931 1161 994 Comm.
1181 930 1257 994 MS.

155 1029 188 1095 in
220 1028 361 1093 Platonis
386 1027 560 1093 Phaedrum
584 1027 671 1112 apud
696 1030 871 1093 Hermann.
894 1028 934 1092 ad
959 1031 1100 1117 Orphica
1126 1053 1159 1117 p.
1181 1034 1256 1116 506.

154 1131 336 1213 Ἀδράστεια
357 1130 531 1211 κεκλημένη,
547 1134 595 1195 διδ
609 1130 643 1194 τὸ
657 1134 695 1194 τὸ
707 1131 755 1195 ὑπ’
772 1132 860 1211 αὐτῆς
881 1132 1005 1197 τεθέντα
1027 1134 1075 1196 καὶ
1098 1138 1258 1213 νομοθετη-

156 1233 248 1298 θέντα
269 1235 482 1314 άναπόδραστα
504 1232 591 1297 εἶναι.
617 1233 662 1296 uti
684 1256 797 1297 nomen
821 1232 974 1298 intellexit
996 1235 1135 1321 sophista
1156 1234 1260 1299 nescio

154 1336 228 1422 quis
249 1334 337 1423 apud
361 1333 450 1398 Suid.
467 1357 499 1398 v.
516 1338 686 1399 Διονυσίων
700 1335 892 1415 σκωμμάτων.
929 1342 1012 1401 Θεοῦ
1030 1340 1100 1401 ὄπιν
1114 1338 1167 1400 οὐκ
1189 1337 1259 1401 alt-

156 1463 230 1521 νων,
245 1437 316 1500 οὐδὲ
330 1435 519 1518 κατεπτηχδς
532 1433 731 1516 Ἀδράστειαν
749 1438 891 1517 ἄφυκτον.
914 1438 999 1502 unde
1020 1455 1141 1525 partem
1163 1438 1259 1504 hexa-

158 1537 248 1603 metri
264 1551 295 1601 et
310 1536 526 1600 hexametrum
547 1534 704 1621 integrum
723 1536 806 1601 facili
823 1539 995 1603 mutatione
1009 1542 1081 1627 quis
1095 1540 1259 1607 effinxerit.

160 1641 335 1704 BLOMF.

202 1759 276 1827 937.
292 1739 402 1824 θῶπτε]
417 1741 532 1803 θάπενε
546 1735 667 1824 aliquot
680 1737 773 1803 codd.
788 1754 820 1803 et
836 1740 914 1806 Ald.

202 1864 276 1928 940.
292 1841 395 1925 δαρὸν]
411 1840 502 1922 δηρὸν
515 1840 581 1903 duo
595 1839 687 1903 codd.

203 1962 278 2029 945.
310 1942 364 2027 eis]
394 1940 600 2005 scribendum
631 1944 670 2008 lc.
709 1944 841 2006 Comma
870 1960 941 2031 post
969 1947 1055 2014 θεοὺς
1078 1946 1259 2014 delendum.

161 2048 245 2112 Nam
260 2045 418 2110 cohaerent
430 2043 594 2130 participia
609 2046 811 2126 ἐξαμαρτόντα
832 2049 974 2128 πορόντα,
991 2051 1047 2135 qui
1062 2052 1208 2137 peccavit
1226 2072 1262 2114 οο

252 2149 401 2235 produit.

159 2151 363 2334 φαάάημέροις
376 2264 448 2313 octo
460 2248 591 2313 codices.
625 2249 679 2312 τδν
694 2247 852 2329 ἐφημέροις
866 2250 973 2333 vulgo.
1004 2251 1058 2315 τδν
1072 2251 1191 2332 ἡμέροις
1211 2255 1260 2317 Μ.

162 2354 278 2440 aliique
292 2350 443 2416 nonnulli.
480 2350 647 2415 Articulus
662 2350 703 2412 ab
717 2348 850 2413 librariis
863 2349 1000 2428 additus,
1016 2353 1071 2438 qui
1092 2375 1155 2416 non
1173 2354 1262 2419 intel-

161 2457 293 2544 ligerent
312 2476 408 2541 quam
432 2450 532 2517 modo'
545 2451 752 2539 explicuimus
778 2451 915 2515 duorum
935 2452 1168 2540 participiorum
1189 2479 1262 2521 con·

162 2558 375 2624 structionem.

206 2661 280 2746 948.
304 2658 342 2744 r']
366 2657 393 2741 γ’
417 2655 568 2720 Cantabr.
591 2678 684 2720 unus.
729 2655 921 2720 Particulam
946 2671 1030 2721 recte
1054 2655 1137 2723 delet
1157 2658 1262 2724 Elma-

161 2760 250 2827 leius.

206 2884 281 2948 950.
309 2860 408 2926 ἕκαστ’
432 2860 572 2945 ἕκφροζε]
599 2861 711 2924 ἕκαστα
734 2860 828 2942 φράζε
854 2863 904 2926 Μ.
929 2861 1044 2948 aliique
1066 2864 1207 2928 nonnulli
1233 2879 1264 2930 et

163 2967 248 3031 Rob.
264 2965 328 3030 αὔθ’
345 2966 457 3029 ἕκαστα
478 2980 582 3027 autem
605 2962 637 3026 in
659 2962 747 3027 libris
768 2964 835 3028 aliis
857 2965 910 3044 sic,
925 2965 956 3029 in
977 2964 1045 3030 aliis
1059 2966 1122 3031 αὕθ’
1140 2968 1263 3045 ἕκαστα,

163 3069 195 3133 in
210 3068 278 3133 aliis
292 3067 480 3154 conjunctim
498 3066 667 3131 αὐθέκαστο
681 3066 843 3153 scriptum.

208 3186 281 3255 953.
296 3170 345 3254 γε]
361 3194 393 3233 τε
409 3171 448 3232 Β.
464 3170 567 3232 Turn.

208 3292 280 3358 954.
297 3270 385 3355 θεῶν]
402 3270 474 3337 Διὸς
488 3268 573 3334 Rob.

208 3375 282 3459 956.
308 3372 436 3436 Laudat
455 3371 599 3437 Euatath.
615 3371 656 3434 ad
680 3371 719 3435 Il.
736 3377 774 3432 Δ.
790 3393 822 3455 p.
838 3390 915 3455 503,
931 3387 964 3454 5.
988 3371 1114 3434 Servius
1129 3372 1168 3435 ad
1186 3375 1263 3437 AEn.

170 3497 197 3554 1,
217 3496 271 3560 99.
296 3476 382 3538 “Ex
409 3474 526 3560 quibus
548 3473 653 3536 omnia
676 3472 740 3535 alta
765 3471 895 3535 aedilicia
915 3493 1075 3559 pergamo
1099 3490 1264 3552 vocantur,

166 3578 246 3642 sicut
261 3577 462 3662 AEschylus.”
485 3577 661 3639 BLOMF.

209 3681 281 3765 958.
298 3677 477 3761 κοιρανοῦντ’
493 3680 633 3743 Α.Β.Μ.
648 3677 773 3763 aliique.
814 3677 912 3741 Pauci
930 3676 1118 3758 τυροννοῦντ’
1134 3691 1170 3740 ut
1184 3677 1264 3741 Ald.

167 3783 250 3846 Rob.
269 3783 373 3845 Turn.

210 3888 284 3969 961.
301 3883 349 3969 γε]
365 3886 398 3948 δὲ
413 3885 463 3946 Μ.
480 3884 608 3947 Βοτοοο.
624 3883 701 3947 Ald.

210 3991 284 4072 963.
299 3985 416 4070 πεύσει]
431 3987 526 4064 πεύσῃ
540 3984 621 4049 libri.

211 4091 377 4170 άνιστορεῑς
399 4090 441 4151 Ε.
466 4085 581 4173 aliique
603 4085 755 4150 nonnulli.
790 4085 827 4149 δν
849 4089 976 4166 ἱστορεῖς
1001 4085 1049 4148 Μ.
1072 4101 1103 4150 et
1125 4087 1266 4174 plerique

167 4214 238 4255 cum
257 4189 331 4255 Ald.
347 4191 432 4255 Rob.
455 4189 493 4253 δν
508 4192 627 4270 ἱστορῇς
641 4189 745 4251 Turn.

210 4294 285 4379 965.
298 4292 497 4376 καθώρμισας]
511 4293 684 4372 καθῶροσας
696 4290 747 4353 Μ.
765 4287 848 4351 Rob.
873 4285 992 4350 Similia
1004 4310 1174 4373 paucorum
1188 4316 1266 4379 quo-

169 4395 302 4459 rundam
316 4394 458 4459 codicum
475 4393 550 4457 vitia
564 4402 639 4456 sunt
653 4392 851 4471 καθῶρουσας,
869 4391 1065 4471 κατόρουσας,
1083 4395 1265 4474 κατάροσας,

169 4500 361 4579 κατόρουσας,
377 4499 553 4577 καθῶρισας,
571 4493 743 4577 κατήγαγες.
