2978 5062
265 337 309 402 88
630 337 1008 404 ANNOTATIONES

264 507 388 592 busque
401 527 440 570 ex
455 506 514 570 bac
529 506 559 569 in
575 505 660 571 illam
676 521 808 592 partem.
853 507 1021 585 Lucianus,
1035 506 1091 592 qui
1114 521 1256 571 nostrum
1271 508 1368 594 respi-

263 607 317 684 cit,
333 606 388 685 ait,
405 611 479 672 κατὰ
493 607 588 687 μέσον
603 608 731 672 ἐνταῦθά
744 633 802 671 που
816 609 890 690 ὖπέρ
905 613 955 687 τῆς
973 606 1130 690 φάραγγος
1144 610 1364 689 άνεστιιυρόθη,

264 711 457 777 ἐκπετασθεὶς
472 713 512 773 τὼ
527 717 611 793 χεῖρε
627 710 686 774 ἀπὸ
697 711 814 773 τουτουὶ
828 709 903 791 πρὸς
916 709 950 772 τὸ
962 710 1112 787 ἐναντίον,
1129 708 1191 772 voi.
1208 729 1235 787 1,
1246 732 1279 795 p.
1296 711 1366 773 186.

265 811 439 875 BLOMF.

307 915 466 997 κίρκωσον]
492 915 638 993 κρίκοσον
663 912 748 976 Rob.
775 929 807 976 et
826 911 918 975 codd.
945 913 1099 998 plerique,
1120 913 1281 1000 vulgarem
1304 915 1367 978 for-

262 1037 344 1078 mam
367 1015 474 1079 rariori
497 1015 731 1079 substituentes,
768 1015 871 1095 Κίρκοι
887 1037 944 1100 pro
959 1016 1051 1096 κρίκοι
1066 1014 1186 1079 dictum
1202 1016 1365 1081 annotavit

263 1117 443 1202 Hesychius
458 1131 489 1180 et
502 1117 618 1198 ῥήξασα
638 1118 753 1196 κίρκους
773 1139 811 1179 ex
836 1115 990 1201 Sophocle
1012 1115 1118 1180 attulit
1139 1118 1364 1203 grammaticus

263 1216 294 1280 in
312 1219 452 1282 Crameri
468 1217 591 1282 Anecd.
608 1216 669 1280 vol.
687 1237 714 1280 1.
731 1240 762 1304 p.
777 1235 852 1301 223,
868 1238 900 1299 9.

307 1335 358 1403 75.
373 1319 470 1406 πόνῳ]
487 1322 586 1403 χρόνῳ
601 1318 683 1381 Rob.
699 1341 771 1381 cum
787 1318 888 1382 tribus
903 1331 1092 1404 quattuorve
1106 1318 1274 1383 codicibus.

306 1422 357 1500 76.
382 1423 533 1502 διατόρους
554 1419 646 1485 τέδας
669 1417 764 1482 fuisse
790 1418 845 1503 qui
871 1419 993 1504 passiva
1016 1418 1239 1503 significatione
1264 1421 1364 1485 dictas

260 1520 435 1606 acciperent
449 1543 487 1583 ex
503 1519 703 1583 annotatione
718 1519 892 1583 scholiastae
905 1518 1112 1604 cognoscitur,
1127 1520 1182 1606 qui
1198 1537 1282 1585 recte
1297 1522 1363 1608 ipse

260 1616 552 1708 interpretaturrds
566 1623 775 1700 διατειρούσας
789 1624 838 1685 καὶ
851 1624 1079 1702 τιτρωσκούσας.

305 1723 410 1807 πέδας]
428 1725 521 1790 πόδας
537 1724 620 1788 Rob.
638 1737 669 1786 et
683 1723 781 1787 codex
798 1722 888 1810 Lips.
913 1722 1046 1787 Lucian.
1060 1722 1091 1786 in
1109 1723 1270 1788 Prometb.
1285 1748 1312 1789 c.
1331 1744 1361 1790 2.

261 1826 302 1891 σὺ
316 1829 359 1901 δὲ,
376 1823 578 1907 ὧἭφαιστε,
596 1826 752 1889 κατάκλειε
775 1827 823 1889 καὶ
837 1824 991 1906 προσήλου
1007 1826 1056 1889 καὶ
1069 1826 1123 1905 τὴν
1139 1831 1258 1908 σφῦραν
1274 1829 1362 1909 ἐρρο-

260 1926 357 2006 μένως
372 1927 531 2009 κατάφερε.

306 2029 356 2110 78.
372 2029 526 2111 γηρύεται]
542 2031 683 2110 γαρύεται
697 2026 789 2091 codd.
805 2039 868 2090 tres
882 2049 981 2113 pravo
994 2027 1142 2091 dorismo.

305 2131 357 2194 80.
383 2130 561 2213 τραχύτητα]
587 2131 756 2211 θρασύτητα
775 2127 868 2192 codd.
891 2151 945 2192 sex
971 2141 1003 2193 et
1026 2129 1219 2192 Eumathius
1237 2153 1269 2217 p.
1287 2149 1359 2216 225.

261 2234 413 2312 βαρύτητα
428 2231 537 2295 Guelf.

306 2335 356 2418 83.
385 2332 554 2419 προστίθει]
580 2331 729 2396 Dubitari
758 2347 862 2420 potest
885 2354 988 2396 annon
1017 2336 1163 2415 προστίθη
1188 2333 1294 2420 potius
1319 2335 1359 2398 sit

261 2435 472 2500 scribendum.
494 2435 634 2520 Etymol.
654 2436 704 2498 M.
719 2458 751 2521 p.
765 2434 840 2516 478,
860 2454 907 2498 10.
932 2436 1007 2499 οὕτω
1029 2437 1078 2498 καὶ
1099 2439 1129 2499 οῖ
1148 2432 1289 2511 Ἀττικοὶ,
1305 2439 1359 2500 ἐδν

260 2539 300 2618 μὴ
322 2536 492 2621 χρήσωνται
515 2541 555 2622 τῷ
577 2542 607 2599 θι
632 2535 801 2615 καταλήξει,
823 2542 953 2619 χρῶνται
978 2542 1040 2603 τοῖς
1062 2539 1168 2618 τρίτοις
1190 2539 1359 2618 προσόποις

259 2647 319 2703 τῶν
329 2644 534 2719 παρατατικῶν
550 2640 583 2702 ἐν
598 2644 659 2704 τοῖς
672 2644 907 2718 προστακτικοῖς·
919 2639 994 2711 οἷον,
1014 2639 1126 2717 ἐτίθην,
1142 2640 1248 2718 ἐτίθης,
1264 2641 1356 2718 ἐτίθη,

259 2743 334 2821 τίθη.
357 2740 532 2803 BLOMF.

304 2846 355 2920 84.
371 2842 570 2926 ἀπαντλῆσαι]
590 2841 761 2920 ἀπαλλάξαι
774 2840 865 2904 codd.
882 2855 953 2905 tres.

304 2946 354 3008 86.
373 2945 563 3007 Communes
579 2943 684 3006 Graeci
699 2942 817 3021 dixere,
832 2948 880 3007 δεῖ
892 2969 942 3006 σοι
955 2945 1052 3007 τούδε·
1075 2941 1206 3028 primus,
1218 2957 1255 3005 ut
1269 2941 1355 3027 equi-

258 3046 329 3109 dem
353 3045 496 3121 arbitror,
520 3045 646 3109 novavit
669 3045 840 3132 AEscbylus
862 3047 968 3109 Prom.
986 3046 1038 3107 86.
1063 3045 1152 3109 αὐτὸν
1173 3045 1230 3127 γάρ
1253 3069 1290 3109 σε
1312 3050 1360 3109 δεῖ

257 3148 447 3230 Προμηθέως.
485 3149 570 3210 Eum
593 3145 688 3210 secuti
711 3162 785 3210 sunt
806 3145 978 3232 Euripides
998 3147 1080 3210 Hec.
1106 3163 1198 3228 1007.
1221 3149 1351 3228 (1021.)

259 3249 411 3315 Phoeniss.
428 3249 503 3328 480.
529 3249 635 3332 (484.)
660 3248 793 3336 Hippoi.
813 3268 864 3333 23.
886 3248 1023 3335 locisque
1045 3248 1088 3313 ibi
1109 3247 1356 3313 aVaickenaerio

256 3351 409 3427 indicatis,
427 3353 497 3415 Ion.
515 3368 608 3436 1037.
632 3352 728 3414 Herc.
746 3352 785 3433 E.
806 3369 897 3435 1173.
921 3353 1044 3413 Auctor
1067 3350 1163 3414 Rhesi
1182 3352 1253 3432 840.
1292 3353 1354 3414 Co·

257 3455 357 3518 micus
377 3454 503 3538 ignotus
524 3451 610 3538 apud
634 3451 852 3515 Herodianum
878 3451 1017 3515 Piersoni
1037 3475 1068 3537 p.
1084 3472 1159 3536 450.
1176 3454 1356 3536 εὐρυχωρίας

258 3583 294 3620 σε
310 3563 362 3620 δεῖ.
402 3557 474 3618 Non
489 3554 554 3616 sine
570 3552 670 3639 specie
685 3553 765 3617 banc
784 3553 949 3616 formulam
974 3553 1063 3616 reddi
1079 3553 1177 3618 voluit
1192 3553 1355 3618 Markian-

257 3657 318 3721 dus
340 3656 415 3743 Ipb.
440 3660 482 3718 A.
511 3672 602 3739 1137.
626 3654 679 3717 sed
701 3653 869 3719 certissime
889 3655 1024 3719 restituit
1048 3655 1254 3741 Musgravius
1278 3656 1353 3721 Hel.

261 3781 352 3842 1444.
368 3782 426 3846 pro
440 3763 490 3837 τῆς
503 3759 594 3838 τύχης
609 3763 739 3820 ΜΕΛΕΙ
755 3759 857 3836 μόνον.
889 3759 1081 3821 PORSON.
1098 3757 1139 3820 sd
1154 3759 1232 3820 Eur.
1249 3759 1354 3822 Orest.

256 3867 330 3947 659.
353 3859 471 3926 Citavit
486 3859 634 3922 Eustatb.
653 3881 683 3943 p.
700 3876 793 3940 1497,
805 3878 858 3935 42.

299 3966 348 4047 87.
371 3965 473 4045 τύχης]
490 3959 598 4045 τέχνης
618 3958 709 4023 Med.
725 3980 798 4022 cum
813 3958 990 4044 quindecim
1006 3959 1170 4024 minimum
1186 3961 1254 4025 aliis
1268 3961 1352 4026 codi-

255 4065 343 4128 cibus
358 4082 389 4129 et
404 4064 482 4128 Ald.
497 4066 587 4146 τύχης
602 4060 695 4126 ceteri
710 4075 741 4125 et
757 4060 841 4125 Rob.

299 4168 350 4230 88.
366 4169 439 4251 δῖος]
457 4167 518 4232 διὸς
531 4164 610 4228 Ald.
627 4163 711 4228 Rob.
727 4176 757 4227 et
773 4163 865 4227 codd.
883 4163 983 4250 pauci.

294 4271 431 4351 88-91.
462 4265 670 4331 Enumeratio
698 4289 736 4328 ex
768 4266 910 4328 Homero
939 4264 1127 4328 adumbrata
1156 4265 1195 4328 Il.
1223 4270 1255 4328 Γ.
1281 4283 1352 4350 277.

253 4372 377 4437 Ἠέλιός
391 4367 428 4442 θ’,
445 4368 477 4434 ὃς
492 4366 577 4432 πάντ’
594 4369 707 4450 ἐφορᾷς
727 4366 775 4430 καὶ
793 4365 881 4429 πάντ’
895 4367 1060 4443 ἐπακούεις,
1077 4368 1136 4429 Καὶ
1151 4368 1286 4446 ποταμοί,
1305 4370 1353 4432 καὶ

253 4480 335 4555 γαῖα.
370 4467 531 4534 Lucianus
544 4488 577 4552 3.
600 4467 624 4530 ὦ
648 4469 754 4549 Κρόνε,
775 4467 823 4531 καὶ
844 4463 970 4538 Ἰαπετέ,
987 4467 1036 4530 καί
1057 4466 1106 4541 σὺ,
1124 4472 1165 4547 Γῆ
1185 4473 1286 4550 μῆτερ,
1303 4471 1353 4534 οἶα
