2978 5062
563 351 632 417 AD
654 352 843 417 PERSAS.
1188 355 1257 422 277

197 530 273 601 509.
286 515 387 607 μόγις]
403 516 490 599 μόλις
504 520 614 586 Guelf.
629 521 707 586 Ald.
724 522 810 587 Rob.

198 634 272 702 515·
288 620 365 704 516.
379 621 464 707 XO.]
487 624 613 688 Atossoe
634 623 692 688 hos
707 646 814 689 versus
835 622 932 689 tribui
947 623 1017 688 vult
1031 625 1257 691 Lachmannus

155 716 187 780 in
202 717 282 784 libro
296 721 337 785 de
351 744 496 788 mensuro
511 725 644 812 tragoed.
659 749 692 812 p.
709 742 759 810 17.
775 741 871 805 recte,
886 741 922 791 ut
937 726 1057 814 opinor.

197 825 274 906 516.
290 824 431 912 έυήλλου]
447 828 557 906 ένήλου
570 828 662 894 codd.
679 829 771 894 multi
785 846 817 894 et
832 831 936 894 Turn.

198 942 273 1008 517.
297 925 326 990 οῖ
346 926 400 1011 ’γὼ
421 931 590 995 Porsonus.
623 929 653 995 ol
675 934 734 1015 ἐγὼ
757 931 839 1008 libri,
854 930 911 995 nisi
932 930 1019 1017 quod
1041 928 1073 995 ol
1094 932 1154 1012 ἐγὼ
1176 929 1256 996 Ald.

156 1025 261 1092 Turn.

199 1133 458 1215 διαπεπραγμένου
472 1138 614 1221 στρατοῦ]
637 1139 719 1202 Haeo
733 1136 828 1201 verbs
841 1158 879 1199 ex
897 1135 1022 1223 Septem
1038 1132 1110 1198 sdv.
1126 1133 1258 1199 Thebes

155 1228 231 1296 citat
246 1233 364 1298 Thom.
380 1237 430 1301 M.
446 1261 476 1323 p.
491 1257 564 1323 219.

197 1332 272 1415 518.
289 1336 437 1420 ἐμφανὴς]
453 1338 585 1420 ἐκφανὴς
600 1339 707 1425 Mosq.

197 1452 274 1517 520.
289 1435 364 1521 οὔτ’]
379 1436 441 1501 αὕτ’
460 1438 535 1502 Ald.
552 1439 637 1503 Rob.
660 1439 740 1505 ταῦτ’
755 1439 876 1528 aliquot
889 1441 982 1506 codd.

198 1539 273 1620 526.
288 1538 389 1625 πέλοι]
404 1540 493 1605 πέλει
507 1543 584 1605 Ven.
600 1565 659 1607 sec.
675 1557 707 1607 et
720 1543 799 1608 Ald.
815 1543 899 1609 Rob.

197 1655 274 1724 527.
288 1643 377 1731 ὑμεῖς]
393 1646 462 1723 ὑμῖν
476 1644 561 1708 Rob.
583 1646 659 1725 ἡμᾶς
674 1647 724 1709 Μ.

197 1742 275 1825 528.
298 1751 432 1809 πιστοῖσι
445 1749 538 1810 πιστὰ
552 1746 639 1810 Α.Β.
672 1753 789 1814 πιστοῖς
810 1750 903 1811 πιστιὶ
917 1749 967 1811 Μ.
982 1759 1015 1812 et
1029 1761 1092 1812 tres
1112 1747 1175 1812 alii.
1206 1773 1257 1813 πι-

157 1849 239 1910 στοῖς
252 1847 291 1909 τὰ
304 1849 397 1910 πιστὰ
411 1847 489 1912 Ald.
511 1855 627 1916 πιστοῖς
641 1874 677 1930 γε
690 1852 782 1913 πιστὰ
797 1850 901 1912 Turn.
918 1849 1002 1913 Rob.

198 1945 377 2032 συμφέρειν]
392 1948 497 2030 φέρειν
510 1949 590 2013 Ald.

198 2063 274 2131 531.
295 2047 335 2127 μή
350 2051 403 2112 καί
413 2050 453 2135 τι]
470 2051 510 2113 In
523 2050 626 2131 μηκέτι
647 2063 831 2136 corruptum
849 2049 882 2114 in
903 2052 954 2115 M.
970 2050 1101 2138 aliisque
1122 2051 1258 2117 nonnul·

155 2144 210 2211 lis:
236 2148 321 2213 unde
341 2149 474 2215 oliorum
495 2151 645 2216 librorum
664 2151 862 2238 quorundam
885 2154 1071 2241 corruptelae
1092 2155 1134 2235 μὴ
1155 2153 1180 2218 κ’
1202 2155 1257 2230 έτι,

153 2249 219 2330 μήδ’
236 2251 289 2325 ἔτι,
307 2252 355 2315 καὶ
368 2252 447 2333 μήτι.

155 2355 376 2517 ΒΟτιιροσθῖγτοι]
398 2356 562 2436 πρόοθηται
575 2353 682 2442 vulgo.
715 2356 865 2436 πρόσθγτε
887 2355 938 2418 Μ.
955 2355 1071 2442 aliique
1087 2378 1161 2421 cum
1178 2355 1257 2422 Ald.

198 2572 276 2641 532.
299 2557 323 2620 ὦ
344 2561 404 2622 Ζεῦ
424 2561 564 2636 βασιλεῦ,
580 2564 634 2622 νῦν
645 2561 786 2642 Περσῶν]
814 2559 944 2624 Excidit
959 2582 998 2624 ex
1012 2559 1073 2625 hoo
1088 2583 1178 2624 versu
1195 2561 1258 2648 syl·

154 2655 226 2722 labo
248 2680 323 2736 uns,
347 2681 442 2745 quam
466 2661 570 2723 Turn.
593 2658 736 2745 imperite
755 2659 921 2746 supplevit,
944 2659 1014 2725 ἀλλ’
1034 2659 1112 2725 ὦ-.
1157 2662 1258 2724 Recte

157 2758 346 2825 Schuetzius
359 2763 416 2840 μὲν
430 2775 501 2847 post
516 2765 570 2824 νῦν
583 2759 716 2824 inserere
730 2759 864 2824 videtur.

198 2877 274 2947 535.
299 2861 508 2945 Ἐκβατάνων]
533 2860 731 2943 Ἐγβατάνον
746 2863 796 2926 Μ.
830 2862 1038 2928 Scribendum
1057 2861 1259 2945 Ἀγβατάνων

153 2984 226 3027 cum
243 2961 418 3027 Brunckio.
441 2964 479 3025 V.
494 2962 535 3026 ad
552 2986 580 3026 v.
595 2964 643 3027 16.
1257 3018 1259 3023 ⁴

196 3067 273 3151 536.
298 3063 452 3149 δνοφερῷ]
474 3070 631 3147 γνοφερῶν
652 3065 718 3128 duo
739 3064 832 3130 codd.
866 3071 1000 3152 στυγεριγῖ
1026 3081 1089 3130 tres
1112 3064 1204 3130 codd.
1227 3078 1260 3128 et

195 3285 275 3355 537.
297 3268 444 3356 ἁπαλαῖς]
462 3266 667 3332 Soribendum
683 3268 808 3336 ἀταλαῖς
825 3291 863 3332 ex
879 3252 970 3331 sol!
980 3274 1003 3306 “
1016 3265 1139 3330 Eodem
1154 3263 1261 3327 leotio-

153 3369 201 3435 nis
214 3368 383 3435 diversitos
395 3391 447 3455 sp.
464 3371 562 3433 Hom.
578 3367 618 3432 Il.
632 3375 671 3447 Υ,
688 3370 780 3436 222.”
802 3369 978 3432 BLOMF.

195 3474 274 3558 538.
289 3488 368 3557 539.
389 3473 577 3558 Anspoestos
591 3469 706 3534 rectius
716 3469 820 3534 divisit
836 3466 1043 3534 Blomfieldus
1058 3463 1261 3544 κατερεικόμε-

152 3599 203 3640 ναι
221 3574 227 3662 Ι
248 3573 501 3653 διαμυδαλέοιο-
518 3570 524 3659 Ι
542 3569 736 3654 τέγγουσ’-.

195 3677 275 3762 538.
306 3672 560 3760 κατερεικόμεναι]
589 3674 629 3737 In
654 3671 761 3736 codice
787 3667 1001 3758 Vitebergensi
1032 3664 1174 3731 additum
1202 3676 1263 3740 est,

151 3791 233 3843 teste
248 3776 439 3839 Hermanno
454 3773 584 3858 [Opusc.
602 3774 664 3838 vol.
680 3793 710 3839 2.
735 3797 769 3860 p.
783 3773 848 3859 85.]
863 3771 982 3854 μαγνιῖδ
1003 3783 1076 3855 post
1098 3764 1265 3845 κατερεικό-

150 3904 253 3960 μεναι,
270 3872 359 3939 unde
372 3872 541 3959 exsculpsit
554 3873 606 3937 ille
620 3881 704 3954 μαῖαι
718 3875 854 3956 γονάδες.
878 3886 898 3908 “
907 3878 983 3952 μαῖα
994 3869 1078 3932 enim
1090 3861 1265 3928 secundum

151 3975 360 4066 Hesychium
377 3973 484 4036 matris
502 3973 670 4038 honorifico
692 3975 861 4062 appellatio
875 3988 931 4037 est.
972 3968 1066 4032 Idem
1082 3963 1173 4027 eliam
1189 3962 1267 4024 slte-

149 4104 224 4147 rum
249 4073 454 4150 vocabulum,
474 4097 513 4137 ex
535 4075 594 4139 hoc
615 4075 684 4162 ipso
704 4077 834 4139 fortasse
854 4076 923 4138 looo
943 4084 1121 4153 sumptum,
1137 4074 1267 4124 tuetur:

150 4183 283 4267 γονόδες
297 4174 452 4257 μητέρεο.”
485 4174 547 4238 Sed
564 4174 744 4261 Hesychius
758 4175 833 4238 nihil
849 4174 953 4246 docet,
971 4166 1030 4230 nisi
1045 4162 1132 4248 quod
1148 4176 1271 4226 veteres

150 4285 259 4350 dioere
282 4275 368 4342 soliti
391 4275 451 4338 sint
476 4282 559 4354 μαῖα,
582 4275 615 4338 in
641 4275 793 4353 vocativo,
808 4298 866 4361 pro
890 4271 914 4335 ὦ
938 4268 1047 4350 τροφὲ,
1069 4261 1129 4339 vel,
1151 4277 1188 4324 ut
1210 4283 1272 4326 nos

150 4381 259 4470 Angli
275 4377 461 4452 diceremus,
479 4377 598 4461 θοοάρ,
613 4376 699 4461 quod
719 4398 814 4461 quom
836 4392 953 4463 parum
976 4365 1055 4429 huic
1074 4363 1143 4426 looo
1157 4385 1274 4474 oopve-

150 4486 220 4550 nist
238 4476 320 4545 nihil
335 4498 416 4562 opus
430 4490 476 4539 est
490 4474 634 4560 pluribus
647 4475 820 4542 ostendere.
854 4466 1036 4554 AEschylus
1050 4463 1102 4528 vix
1117 4476 1275 4548 posuisset
