2978 5062
148 329 149 333 ‘
259 309 301 402 ἰν
595 337 1009 402 -κννονκνιονοο

301 506 459 590 θαυμάσει]
478 506 639 585 θαυμάσεις
655 509 760 570 Turn.
787 506 932 593 Reliquae
946 507 1021 571 edd.
1036 521 1068 571 et
1082 507 1175 572 codd.
1191 509 1337 589 θαυμάσῃ.

301 623 377 691 477.
400 611 508 689 πόρους
526 609 666 672 Α.Β.Μ.
689 608 805 695 aliique
826 624 858 673 et
882 610 966 673 Rob.
1005 609 1072 673 Alii
1096 611 1202 677 δόλους
1227 625 1261 673 ιιι
1282 611 1357 674 Ald.

258 711 375 894 Tigil.
391 810 447 896 εἰς]
465 811 672 877 Scribendum
689 816 719 881 ἐς
733 836 771 877 ex
789 815 874 878 A.B.
888 812 1019 899 aliisque
1034 812 1201 877 nonnullis.

300 932 375 997 479.
398 915 466 978 οὔτε
480 915 568 978 Α.Β.
584 929 616 979 et
630 914 696 979 duo
710 913 776 982 alii.
813 914 919 1001 Vulgo
936 915 1015 980 οὐδέ.
1054 918 1137 980 Cum
1161 916 1360 1002 responsione

257 1017 481 1106 particularum
512 1018 772 1083 οὕτε-οὗ-οὕτε
800 1033 998 1103 comparetur
1034 1017 1148 1103 Eurip.
1179 1018 1282 1082 Orest.
1306 1021 1358 1099 46.

258 1120 341 1198 ἔδοξε
360 1119 385 1185 δ’
400 1119 509 1201 Ἀργει
532 1121 606 1206 τῷδε
626 1118 693 1198 μήθ’
714 1120 790 1198 ἡμᾶς
809 1119 941 1200 στέγαις,
957 1120 997 1198 μὴ
1019 1119 1088 1200 πυρὶ
1113 1118 1268 1201 δέχεσθαι,
1286 1120 1360 1199 μήτε
1475 1210 1478 1217 Ι

257 1229 450 1304 προσφωνεῖν
465 1247 532 1286 τινα
545 1226 827 1302 μητροκτονοῦντας.

299 1321 790 1406 βρόσιμον-χριστδν-πιοτόν]
819 1323 913 1399 Quod
940 1322 990 1387 hic
1013 1325 1170 1403 βρόσιμον
1194 1338 1225 1386 et
1251 1323 1360 1387 πιστὸν

256 1438 360 1501 vocat,
384 1424 414 1487 in
435 1426 552 1509 Agunt.
572 1438 665 1505 1407.
687 1423 795 1488 ἐδανὸν
813 1438 845 1487 et
871 1424 963 1489 ποτὸν
984 1424 1075 1489 dixit.
1120 1426 1264 1502 Quarum
1285 1439 1359 1489 sunt

257 1525 421 1609 φαρμάκων
442 1548 567 1611 genero,
584 1547 720 1610 quorum
743 1524 902 1613 proecipue
925 1525 1041 1590 mentio
1056 1526 1091 1589 fit
1109 1525 1194 1611 apud
1217 1539 1359 1589 auctores

258 1630 398 1705 Graecos,
423 1624 564 1708 φάρμακα
584 1630 703 1709 χριστᾶ,
723 1631 836 1705 παστδ,
859 1631 983 1692 πλαστὰ
1002 1641 1034 1692 et
1054 1631 1147 1692 πιστὰ
1166 1627 1213 1690 'vel
1237 1625 1357 1707 πότιμα,

255 1730 372 1817 quibus
387 1728 544 1793 interdum
560 1727 689 1792 additur
703 1729 849 1813 quintum
865 1751 966 1814 genus
983 1733 1021 1794 τδ
1034 1731 1175 1810 βράσιμα
1188 1744 1219 1793 et
1234 1743 1357 1792 sextum

257 1833 376 1918 ἐπῳδαὶ,
392 1845 487 1919 prout
499 1830 543 1895 eis
557 1831 597 1895 ad
612 1832 810 1916 ungendum,
820 1831 1081 1918 impingendum,
1094 1830 1263 1916 emplastro
1277 1831 1356 1894 oble-

251 1936 405 2022 gendum,
411 1933 746 2011 &ornatuuedendum
756 1933 806 1996 vel
814 1935 1046 1996 excantandum
1058 1931 1236 1996 utebantur.
1253 1931 1357 1995 Schol.

257 2037 421 2123 Aristoph.
438 2036 525 2100 Plut.
542 2053 613 2119 717.
636 2041 696 2099 τῶν
710 2033 873 2117 φαρμάκων
892 2037 929 2098 τδ
947 2035 1004 2115 μέν
1019 2037 1085 2098 ἐστι
1099 2037 1305 2109 καταπλαστδ,
1321 2038 1358 2096 τὰ

256 2142 289 2204 δέ
311 2143 430 2223 χριστδ,
445 2143 483 2204 τά
503 2142 535 2204 δέ
556 2136 643 2203 ποτά.
667 2136 721 2201 ubi
743 2136 1042 2202 vid.11emsterhus.
1067 2135 1356 2200 Seliol.Vene1..ad

255 2243 298 2306 Il.
316 2250 353 2305 Δ.
374 2261 443 2327 191.
466 2247 545 2323 τρεῖς
561 2244 594 2305 δέ
612 2238 776 2323 φαρμάκων
792 2238 877 2313 ἰδέαι,
894 2240 1054 2311 ἐπίπαστα,
1070 2239 1109 2304 ὧς
1132 2238 1181 2302 ἐπὶ
1197 2237 1355 2323 Μενελάῳ.

255 2348 374 2428 χριστᾶ,
392 2345 453 2412 ἰοὺς
474 2345 624 2426 χρίεσθαι·
647 2345 766 2423 πότιμα,
783 2344 822 2410 ὡς
847 2342 896 2406 ἐπὶ
917 2340 1055 2421 Ἑλένης.
1089 2340 1203 2428 Eurip.
1223 2340 1356 2428 Hippol.

255 2464 330 2528 521.
347 2444 467 2528 Πότερα
482 2449 515 2510 δέ
530 2445 665 2529 χριστὸν,
680 2443 699 2525 ἢ
713 2445 806 2508 ποτδν
820 2445 855 2508 τὸ
870 2443 1046 2526 φάρμακον,
1072 2443 1165 2507 ldem
1181 2443 1213 2507 in
1231 2445 1291 2507 Ino
1305 2467 1357 2530 ap.

257 2549 344 2613 Stob.
366 2548 417 2633 38.
446 2570 478 2633 p.
501 2567 572 2632 149.
604 2548 696 2611 Grot.
724 2548 763 2613 ὡς
786 2547 824 2626 ἦν
848 2548 961 2629 μόχθος
985 2546 1095 2626 ίατροῖς
1116 2544 1221 2627 μέγας,
1244 2552 1358 2625 Τομοῖς

259 2650 409 2730 ἀφαιρεῖν,
432 2647 449 2726 ἢ
471 2654 591 2712 ποτοῖσι
608 2645 782 2729 φαρμάκοις,
804 2654 919 2712 Ποσῶν
941 2650 1086 2731 μεγίστην
1109 2654 1168 2712 τῶν
1189 2651 1223 2713 ἐν
1246 2652 1358 2730 δνθρό-

139 2750 144 2759 ’
258 2774 325 2816 ποις
347 2751 454 2813 νόσων.
479 2747 638 2812 Theocrit.
659 2749 1000 2827 11,1.Οι’νδένποττδν
1022 2749 1261 2831 ἔροιταπεφόκει
1282 2752 1358 2832 φάρ-

258 2875 354 2930 μακον
375 2851 465 2927 άλλο,
488 2852 590 2928 Νικία,
612 2849 670 2914 οὔτ’
695 2851 867 2934 ἐγχριστον,
895 2853 963 2932 ἐμὶν
985 2855 1076 2929 δοκεῖ,
1099 2849 1158 2917 οὔτ’
1182 2851 1356 2916 ἐπιπαστόν.

258 2952 393 3036 Longus
407 2953 494 3016 Post.
514 2973 541 3014 1.
552 2950 685 3032 Ἔρωτος
705 2956 763 3034 γὰρ
785 2954 871 3017 οὐδὲν
886 2942 1054 3035 φάρμακον,
1070 2953 1105 3016 οὐ
1119 2951 1289 3033 πινόμενον,
1305 2956 1357 3018 οὐκ

258 3054 444 3132 ἐσθιόμενον,
461 3054 512 3117 οὐκ
536 3055 570 3116 ἐν
592 3051 680 3139 ᾠδαῖς
700 3057 900 3133 λαλούμενον.
932 3054 1164 3140 Theophylact.
1184 3054 1288 3141 Epist.
1303 3075 1356 3134 42.

257 3179 288 3240 p.
311 3172 361 3237 74.
387 3156 435 3218 rol
455 3152 474 3233 ἢ
494 3152 669 3237 ἐγκεράσας,
692 3153 711 3234 ἢ
736 3157 889 3238 ἐγχρίσας,
907 3155 926 3234 ἢ
945 3154 1127 3234 ἐπιπλάσας,
1150 3157 1191 3241 τῷ
1211 3157 1357 3236 νοσήματι

257 3258 548 3337 δντιπαλαμήσομοι.
585 3259 747 3321 Sozomen.
775 3258 860 3321 Hist.
884 3256 971 3322 Eccl.
993 3278 1021 3324 2.
1042 3280 1075 3344 p.
1093 3276 1167 3343 452.
1183 3256 1357 3340 ’φαρμάκων

255 3363 322 3440 μέν,
343 3362 412 3443 ἐφη,
433 3362 499 3425 οὔτε
519 3365 660 3443 χριστῶν,
679 3362 746 3424 οὔτε
769 3356 961 3424 ἐπιπλάστων
983 3362 1097 3438 εἴδησιν
1115 3358 1134 3437 ἢ
1153 3366 1260 3441 πεῖραν
1281 3360 1353 3443 ἔχω.

258 3462 385 3527 Pindon.
403 3462 499 3548 Pyth.
513 3481 546 3547 3,
562 3482 600 3547 91
606 3508 613 3522 .
628 3463 707 3528 Τοὺς
720 3463 776 3540 μὲν
786 3467 935 3540 μαλακαῖς
950 3462 1101 3528 ἐπαοιδαῖς
1116 3461 1272 3542 ἀμφέπων,
1289 3462 1357 3528 τοὺς

256 3566 289 3628 δέ
303 3562 458 3644 προσανέα
472 3564 621 3635 πίνοντας,
636 3560 655 3641 ἢ
669 3564 764 3644 γυίοις
777 3559 947 3642 περιόπτων
961 3563 1111 3626 παντόθεν
1125 3559 1276 3643 φάρμακα,
1289 3564 1357 3632 τοὺς

257 3668 289 3729 δέ
317 3670 419 3743 τομαῖς
445 3665 577 3728 ἔσπασεν
599 3664 716 3743 ὀρθούς.
753 3661 901 3749 Toupius
925 3662 1062 3726 Emend.
1086 3661 1146 3726 vol.
1169 3684 1200 3745 4
1226 3685 1259 3749 p.
1282 3683 1354 3749 237.

256 3763 399 3844 πάσμοτα
412 3779 444 3828 et
459 3761 622 3842 πλάσματα
636 3762 811 3827 confundit.
848 3762 910 3827 Sed
926 3779 1009 3828 recte
1023 3762 1188 3850 distinguit
1204 3764 1355 3828 Gataker.

256 3867 296 3932 ad
313 3869 362 3931 M.
378 3865 533 3930 Antonin.
548 3884 582 3947 4.
597 3887 631 3953 p.
651 3881 722 3951 197,
739 3867 790 3930 26.
815 3867 846 3929 S.
864 3865 1010 3952 Ignatius
1030 3865 1062 3928 in
1082 3865 1187 3953 Epist.
1203 3865 1243 3930 ad
1259 3867 1356 3954 Poly-

256 3992 340 4056 carp.
355 3993 389 4055 p.
408 3990 458 4032 11.
474 3967 524 4032 ed.
543 3968 630 4031 Voss
647 3967 682 4032 οὔ
695 3971 756 4031 πᾶν
770 3971 883 4048 τραῦμα
904 3971 944 4053 τῷ
967 3968 1045 4052 αιἰτῳῖ
1068 3965 1249 4052 ἐμπλόστρῳ
1272 3975 1358 4051 θερα-

257 4072 387 4134 πεύεται.
417 4071 485 4138 τοὺς
509 4070 716 4151 παροξυσμοὺς
742 4071 907 4151 ἐμβροχαῖς
932 4074 1017 4133 παῦε.
1056 4069 1231 4156 Septimum
1257 4094 1358 4156 genus

256 4188 407 4235 memorat
422 4170 618 4258 Porphyrius
633 4170 673 4234 de
687 4169 816 4234 Abstin.
832 4193 867 4257 p.
884 4189 933 4234 11.
949 4173 1008 4235 εἴτε
1022 4170 1209 4252 δοφραντδν,
1228 4170 1278 4236 εἴτ’
1295 4174 1357 4236 ἐπί-

257 4297 392 4356 χριστον,
409 4275 468 4337 είτε
482 4273 575 4337 ποτδν
589 4270 608 4352 ἢ
620 4273 741 4353 βρωτὸν
755 4270 902 4354 προσάγει
916 4269 1083 4353 φάρμακον.
1106 4295 1179 4355 quoe
1200 4271 1358 4337 illustrant

256 4372 401 4438 Alexidis
422 4374 523 4438 locum
540 4397 593 4462 ap.
610 4373 725 4441 Atlren.
744 4390 794 4456 15.
811 4395 844 4461 p.
860 4375 934 4452 687,
950 4374 992 4436 D.
1014 4374 1128 4455 ὑγιείας
1147 4373 1237 4455 μέρος
1259 4375 1355 4457 Μέγι-

256 4501 340 4550 στου,
365 4477 460 4556 ὀσμὰς
487 4474 645 4561 ἐγκεφάλῳ
670 4478 802 4558 χρηστὸς
826 4480 932 4540 ποιεῖν.
972 4476 1084 4561 Atque
1111 4474 1185 4540 hino
1209 4476 1357 4564 explicari
