2978 5062
461 368 529 431 AD
552 368 913 435 PROMETHEUM.
1194 369 1233 434 sl

184 547 256 617 273.
270 528 398 617 μάθητε]
413 528 537 610 μάθοιτε
551 531 671 619 aliquot
685 534 776 598 codd.

184 649 256 713 274.
278 634 422 697 πείθεσθέ
444 659 495 713 μοι
518 635 675 716 πείθεσθε]
701 637 801 700 Recte
825 650 930 700 monet
952 636 1121 701 Elmsleius
1144 637 1238 724 longe

138 732 331 820 probabilius
344 756 411 798 esse
424 734 552 799 πίθεσθέ
564 762 616 815 μοι
629 739 765 801 πίθεσθε.

182 853 255 919 275.
273 835 365 899 ruvisti
379 836 440 923 τοι]
458 837 548 900 Libri
563 837 684 924 aliquot
699 840 791 904 ταυτό
804 865 855 919 μοι
870 839 917 904 vel
934 841 1026 905 ταῦτά
1039 867 1095 905 τοι.
1199 890 1201 895 -

183 955 256 1021 279.
295 936 527 1022 κραιπνόσυτον]
559 939 665 1025 Vulgo
694 941 941 1020 κραιπνόσσυτον.
984 943 1169 1004 Correctum
1198 962 1238 1002 ex

139 1039 228 1102 E.G.

185 1141 258 1204 280.
282 1145 374 1205 θᾶκον
396 1142 574 1205 A.B.C.M.
596 1139 720 1226 aliique.
759 1142 864 1229 Vulgo
888 1149 994 1220 θῶκον,
1015 1142 1102 1229 quod
1123 1142 1239 1206 librarii

140 1242 220 1309 infra
244 1263 371 1327 quoque
396 1265 425 1307 v.
449 1243 523 1329 831.
546 1242 720 1307 intulerunt
742 1259 773 1308 et
795 1244 885 1309 alibi:
910 1244 951 1308 de
976 1268 1040 1330 quo
1062 1243 1181 1308 dictum
1207 1243 1239 1306 in

142 1343 476 1430 ThesauroStephani
491 1346 550 1407 vol.
567 1365 597 1422 4.
612 1368 644 1430 p.
661 1347 735 1410 228.
774 1349 922 1410 Ceterum
939 1360 1166 1410 monometrum
1190 1345 1241 1411 hic

142 1459 173 1511 et
187 1444 294 1533 paullo
308 1461 378 1532 post
392 1446 525 1510 restitui.
565 1446 669 1534 Vulgo
684 1463 784 1513 totum
809 1462 944 1534 systema
962 1449 995 1511 in
1013 1447 1163 1512 dimetros
1184 1446 1239 1511 de·

142 1562 304 1635 scriptum.

186 1648 290 1731 αἰθέρα
305 1648 344 1734 θ’]
364 1650 454 1732 αἰθέρ’
471 1674 542 1714 cum
558 1651 677 1739 aliquot
692 1652 851 1717 codicibus
867 1653 946 1717 Ald.
963 1653 1049 1717 Rob.

188 1751 258 1814 281.
275 1751 448 1839 ὀκριοέσσῃ]
468 1753 573 1838 Vulgo
587 1753 763 1835 όκρυοέσσῃ.
789 1757 972 1820 Correctum
988 1778 1028 1819 ex
1043 1755 1144 1818 tribus
1158 1753 1243 1818 codi-

144 1851 244 1916 cibus.
276 1852 466 1935 “‘oxpuae
483 1856 597 1942 Asper.
628 1857 857 1943 Confrugosos.
891 1856 1034 1942 Etymol.
1052 1857 1100 1919 Μ.
1117 1878 1150 1941 p.
1169 1858 1242 1932 261,

145 1958 174 2019 6.
190 1953 345 2037 Ὀκριόεις,
361 1959 377 2020 ὁ
392 1958 501 2042 τραχὺς
514 1961 607 2027 λέθος·
632 1961 731 2042 όκρέας
749 1960 849 2024 δὲτὰς
870 1958 979 2040 πέτρας
993 1960 1088 2040 φησὶν
1097 1955 1243 2038 Ὅμηρος.

146 2055 193 2119 Δι’
209 2059 309 2139 όκρέας
322 2058 520 2138 ἠνεμοέσσας.
545 2061 623 2141 (Od.
639 2068 664 2137 1,
678 2080 750 2142 400.
768 2066 810 2138 Π,
822 2063 866 2144 36
866 2063 915 2145 5.)
938 2060 976 2122 In
993 2060 1136 2122 Homero
1151 2056 1244 2122 hodie

147 2157 261 2244 legitur
279 2161 399 2242 ιίκρίας;
423 2157 478 2225 ¹sed
500 2162 611 2226 melius
632 2165 744 2245 ὀκρέας,
768 2161 855 2247 (μιοά
880 2161 980 2247 magis
1004 2160 1161 2224 AEolieum
1186 2174 1244 2237 est,

146 2274 242 2345 atque
256 2261 349 2325 etiam
367 2262 524 2326 Ionicum.
559 2264 769 2350 Hippocrates
791 2262 885 2326 habet
907 2264 1058 2344 illepidum,
1072 2278 1105 2326 et
1121 2261 1245 2326 Erotis-

147 2385 207 2425 nus
230 2365 319 2444 όκρές.
357 2363 492 2428 Photius
513 2367 592 2430 Lex.
617 2365 789 2447 Ὀκριάζων·
823 2366 1052 2446 τραχυνόμενος,
1074 2367 1244 2445 Σοφοκλῆς.

148 2466 271 2545 ὀκριάεις
292 2479 324 2529 et
338 2467 469 2546 όκρυόεις
488 2467 655 2554 saepissime
669 2467 798 2530 confusa
813 2489 878 2529 esse
900 2480 988 2530 notat
1003 2465 1084 2528 Adr.
1102 2464 1246 2550 Heringa

149 2567 226 2631 Obs.
243 2567 322 2631 Crit.
338 2590 371 2653 p.
387 2570 454 2633 16?
477 2570 654 2636 BLOMF.

194 2672 264 2737 282.
285 2673 388 2755 Πελῶ]
415 2673 481 2735 Pro
494 2673 630 2754 πελάσω,
644 2674 704 2738 fut.
721 2696 739 2736 a
754 2672 883 2750 πελάζεο.
919 2672 1066 2757 Sophool,
1080 2670 1159 2735 OEd.
1176 2667 1246 2733 Col.

153 2774 245 2836 1060.
264 2771 347 2836 Phil.
367 2792 398 2836 11
405 2793 457 2857 50.
474 2773 525 2837 El.
542 2792 616 2858 497.
656 2775 798 2840 Alteram
815 2775 946 2839 formam
961 2774 1086 2838 πελάσω
1108 2771 1248 2859 praetulit

150 2874 329 2961 Euripides.
353 2878 407 2939 Or.
435 2878 527 2957 1684.
552 2878 624 2964 Iph.
653 2881 752 2942 Taur.
778 2879 849 2941 886.
874 2879 949 2941 Hel.
973 2878 1047 2964 361.
1075 2876 1127 2939 El.
1155 2893 1248 2961 1332.

195 3080 266 3161 283.
283 3080 423 3166 ἀκοῦσαι]
440 3083 581 3146 ἆκαύσειν
594 3084 678 3148 Rob.
694 3100 725 3149 et
743 3087 819 3150 Ven.
835 3085 924 3150 alter.

195 3181 267 3261 284.
290 3184 364 3245 Jam
390 3205 510 3246 scenam
535 3183 711 3269 ingreditur
734 3190 889 3263 Oceanus,
917 3184 1151 3272 Nympharum,
1176 3205 1250 3267 quae

151 3283 280 3348 chorum
305 3285 499 3349 constituunt
522 3304 620 3372 pater.
666 3290 701 3352 Is
724 3290 830 3354 eadem
859 3290 909 3352 via
934 3286 1092 3374 profectus
1117 3308 1136 3347 a
1161 3299 1251 3368 tergo

154 3388 330 3452 Promethei
345 3389 438 3467 venit,
454 3411 510 3451 nec
532 3389 620 3474 prius
634 3414 728 3476 quam
752 3390 893 3476 proxime
915 3388 954 3451 sd
976 3409 1047 3450 eum
1063 3384 1249 3461 accessisset,

152 3489 193 3552 ab
207 3512 245 3552 eo
258 3490 392 3576 conspici
408 3504 540 3576 poterat.
586 3491 734 3579 Fingitur
748 3507 852 3556 antem
869 3489 933 3554 aliti
956 3487 1140 3574 inequitare,
1155 3506 1250 3570 quem

154 3590 247 3655 schol.
262 3592 417 3678 gryphem
440 3593 673 3679 interpretatur.
718 3594 808 3659 Idem
832 3593 913 3657 infra
931 3589 1129 3672 τετρασκελὴς
1147 3587 1253 3654 οἰωνὸς

154 3694 329 3779 appellatur
344 3718 373 3756 v.
389 3714 465 3780 395.
501 3695 553 3759 Cf.
570 3696 669 3759 Vossii
691 3695 934 3783 mytholog-isole
948 3694 1059 3778 Brip‘e
1076 3711 1106 3757 2.
1128 3714 1161 3777 p.
1179 3709 1252 3775 130.

156 3797 257 3861 SCH.
301 3798 450 3863 Eustath.
467 3798 497 3861 in
515 3799 576 3862 Od.
593 3804 627 3862 E.
652 3822 685 3883 p.
703 3817 797 3884 1545,
812 3819 865 3880 49.
888 3800 963 3861 ούτω
987 3797 1035 3859 καί
1056 3792 1195 3864 ὠκεανὸς,
1218 3794 1256 3853 τό

154 3923 187 3964 τε
200 3901 277 3981 ὕδωρ
291 3901 373 3975 αὐτὸ,
390 3903 438 3964 καί
453 3904 470 3964 ὁ
484 3902 682 3981 μυθευόμενος
705 3902 743 3967 ὣς
764 3901 840 3966 θεός·
865 3897 901 3962 ὃν
915 3901 932 3960 d
947 3895 1085 3977 τραγικὸς
1099 3895 1254 3975 Αἰσχύλος

156 4003 205 4065 tat
218 4003 331 4084 γριητὸς
346 4005 480 4078 καθίζων,
497 4002 596 4085 ἐξάγει
610 4003 685 4083 πρὸς
700 4002 835 4082 θέατρον.
861 3998 1037 4063 BLOMF.

198 4103 291 4185 τέρμα
313 4105 455 4168 κελεύθου
470 4103 720 4190 διαμειψάμενος]
744 4100 922 4167 Dicendum
938 4113 1006 4163 erat
1025 4097 1168 4162 κέλευθον
1190 4102 1253 4161 δια-

155 4206 350 4288 μειψάμενος,
373 4229 510 4294 proquo
525 4207 617 4288 τέρμα
640 4208 782 4271 κελεύθου
802 4202 883 4266 dixit
904 4200 1023 4265 ratione
1045 4198 1153 4264 habita
1166 4198 1254 4263 verbi

156 4334 226 4385 ηκω.

202 4410 274 4475 288.
298 4411 453 4495 συναλγῶ]
478 4416 615 4491 fusura
639 4409 717 4474 Ald.
740 4409 823 4474 Rob.
850 4411 954 4471 Turn.
980 4404 1090 4493 steph.
1112 4418 1144 4469 et
1162 4401 1256 4468 codd.

158 4510 310 4599 plerique.

686 4634 706 4675 G
724 4631 743 4676 2
