2978 5062
517 373 584 435 AD
608 371 967 435 PROMETHEUM.
1255 370 1296 436 31

194 545 336 609 dramate
356 556 463 607 autem
485 541 619 628 satyrico
634 563 709 618 uno,
726 540 915 605 Prometheo
929 540 1072 627 ignifero.
1118 542 1295 628 Satyricum

195 646 305 710 drama
318 643 453 730 trilogiae
474 666 515 707 ex
537 642 667 720 Phineo,
686 642 789 706 Persis
809 656 840 706 et
857 641 980 706 Glauco
994 641 1154 706 Potniensi
1168 666 1295 730 compo·

195 747 263 811 sitae
284 745 428 810 additum
444 744 551 823 fuisse,
564 767 638 830 quae
660 744 809 808 archonte
825 745 977 822 Menone,
991 743 1178 831 olympiadis
1197 748 1249 828 76,
1264 767 1295 827 4.

194 869 363 935 eponymo,
378 847 409 910 in
433 868 553 910 scenam
575 860 622 910 est
639 846 803 932 producta,
818 869 858 909 ex
873 845 1045 910 didascaliis
1067 846 1205 933 prodidit
1221 849 1296 912 Per

195 971 299 1013 sarum
313 947 491 1034 argumenti
513 947 655 1034 scriptor.
700 948 762 1026 Qui
784 947 856 1012 licet
879 948 1043 1034 satyricam
1063 948 1202 1012 fabulam
1225 947 1296 1011 sim-

195 1050 267 1138 plici
279 1049 458 1114 Promethei
477 1049 601 1112 nomine
622 1048 836 1135 appellaverit,
852 1073 917 1136 quo
931 1049 1061 1115 fortasse
1074 1050 1107 1114 in
1123 1050 1296 1115 didascaliis

195 1174 323 1239 quoque
344 1164 452 1214 notata
465 1151 539 1228 fuit,
555 1165 657 1215 tamen
674 1173 736 1215 non
752 1150 883 1215 dubium
906 1165 953 1216 est
971 1152 1047 1238 quin
1073 1152 1294 1216 Prometheum

197 1254 350 1335 πυρφόρον
376 1251 576 1332 intellexerit,
604 1253 696 1338 cujus
725 1274 837 1316 nomen
867 1275 930 1317 non
963 1254 1063 1318 solnm
1096 1254 1128 1318 in
1158 1268 1294 1318 veterem

198 1354 342 1442 AEscbyli
357 1354 534 1418 fabularum
546 1353 722 1441 catalogum
738 1368 785 1418 est
804 1354 948 1432 relatum,
965 1356 1125 1421 sedetiam
1147 1357 1188 1421 ab
1203 1357 1292 1421 scho-

196 1458 284 1522 liasta
298 1458 339 1522 ad
357 1456 536 1522 Promethei
551 1455 646 1520 vincti
661 1480 690 1520 r.
706 1476 758 1541 94.
775 1455 942 1543 Gellioque
958 1460 1000 1522 N.
1016 1461 1059 1522 A.
1079 1479 1129 1545 13,
1148 1461 1195 1523 18.
1210 1482 1293 1539 com·

195 1579 415 1627 memoratum.
460 1561 516 1625 Ab
538 1585 576 1625 eo
598 1573 634 1624 ut
657 1581 720 1623 non
742 1559 901 1624 diversum
928 1584 994 1624 esse
1013 1561 1176 1625 credamus
1198 1585 1293 1647 quem

195 1664 313 1730 Pollux
335 1685 368 1747 9,
393 1663 467 1748 156.
491 1663 623 1744 πυρκαέα
650 1676 739 1726 vocat
765 1663 988 1727 Prometheum
1015 1662 1067 1747 (Ὀ
1092 1663 1115 1728 δ’
1143 1665 1295 1745 ἐμπρήσας

195 1766 260 1849 πόχ’
283 1766 322 1831 ἂν
343 1766 490 1848 nupturis
511 1765 683 1845 ὀνομάζοιτο
706 1763 767 1829 κατ’
784 1768 939 1849 Αἰσχύλον
954 1767 1001 1830 καὶ
1017 1765 1188 1846 Σοφοκλέα,
1203 1767 1294 1834 οὕτως

196 1869 423 1952 ἐπιγράψαντας
435 1871 473 1932 τὸ
487 1867 629 1950 δράματα,
644 1869 697 1932 τὸν
711 1871 768 1948 μὲν
781 1869 834 1932 τὸν
845 1868 1017 1950 Προμηθέα,
1033 1867 1086 1930 τὸν
1098 1869 1130 1930 δὲ
1142 1867 1197 1931 τὸν
1213 1873 1242 1931 Ν
1244 1870 1294 1933 αύ-

195 1974 312 2054 πλιον.)
335 1971 404 2058 ipsa
420 1971 581 2034 nominum
605 1968 775 2034 similitudo
790 1969 911 2047 suadet,
927 1991 1028 2056 quum
1048 1992 1105 2033 nec
1119 1968 1198 2033 duas
1213 1970 1294 2056 ejus-

196 2071 267 2137 dem
282 2073 347 2136 sere
361 2071 539 2160 argumenti
553 2071 676 2136 fabulas
697 2072 845 2159 satyricae
859 2071 991 2136 edidisse
1006 2071 1196 2158 AEscbylum
1213 2072 1291 2135 veri-

194 2174 295 2238 simile
316 2174 471 2248 videatnr,
489 2196 546 2237 nec
569 2174 791 2238 Prometheum
814 2177 968 2256 πυρφόρον
990 2197 1048 2260 pro
1064 2173 1218 2259 tragoedia
1239 2174 1294 2238 ha·

197 2275 269 2340 bere
282 2276 390 2340 liceat:
414 2275 575 2363 aptissima
588 2275 669 2339 enirn
686 2276 754 2340 haec
768 2275 885 2340 fsbnlae
901 2275 1099 2339 Promethea>
1121 2297 1193 2360 pars
1208 2293 1291 2362 saty-

197 2377 261 2441 rico
279 2377 411 2442 dramati
432 2392 490 2454 est,
512 2377 619 2465 inepta
640 2377 810 2464 tragoediae.
857 2378 972 2462 Itaque
993 2375 1071 2438 nihil
1092 2374 1179 2439 aliud
1199 2375 1290 2440 relin-

195 2478 305 2564 quitur
318 2500 415 2564 quam
431 2494 466 2544 ut
478 2477 639 2543 Pollucem
657 2479 839 2565 Sophocleoe
860 2476 976 2542 fabulae
990 2499 1162 2563 cognomen
1178 2499 1293 2543 memo-

197 2581 251 2644 riae
272 2603 387 2658 errore,
410 2603 504 2667 quem
526 2579 588 2644 alio
608 2579 677 2646 loco
704 2580 873 2665 (10‚64.),
897 2578 951 2644 ubi
974 2602 1081 2644 versus
1102 2580 1231 2667 quidam
1252 2605 1291 2646 ex

198 2683 387 2747 Prometheo
400 2690 526 2765 πυρκαεῖ
538 2683 678 2762 affertur,
692 2682 848 2770 repetivit,
860 2683 1104 2748 communicasse
1117 2684 1292 2764 credamus,

195 2786 246 2847 cui
268 2807 307 2848 ne
328 2785 402 2850 satis
418 2799 529 2871 aptum
551 2784 677 2871 quidem
701 2800 756 2864 est,
771 2808 872 2871 quum
895 2785 1073 2850 Promethei
1092 2786 1206 2851 crimen
1228 2809 1291 2850 non

197 2900 259 2949 tam
274 2886 306 2949 in
321 2910 359 2950 eo
369 2886 505 2972 positum
521 2889 560 2950 sit
574 2887 660 2973 qnod
682 2887 786 2974 ignem
806 2887 948 2952 accendit
962 2894 1056 2974 quam
1072 2888 1159 2974 quod
1181 2911 1290 2953 accen·

195 3010 264 3050 sum
279 2987 320 3051 ad
335 2986 480 3051 mortales
493 2987 610 3067 attulit,
628 2990 711 3053 unde
722 2989 763 3054 ab
778 2990 932 3074 Sophocle
946 3013 1074 3076 quoque
1089 2990 1203 3077 OEdip.
1220 2991 1289 3055 Col.

194 3104 215 3174 5
215 3107 248 3173 5.
264 3093 416 3173 πυρφόρος
431 3092 500 3157 θεὸς
512 3094 607 3156 Τιτὰν
622 3093 795 3174 Προμηθεύς
810 3091 913 3156 dictus
927 3105 985 3170 est,
1000 3115 1062 3155 non
1079 3094 1232 3174 πυρκαεός.

238 3192 419 3278 Tragoediae
441 3193 622 3257 Promethei
636 3193 731 3258 vincti
750 3207 782 3257 et
797 3194 976 3258 Promethei
1000 3193 1092 3258 soluti
1113 3194 1291 3259 nominibus

192 3293 350 3382 inscriptae
366 3318 422 3359 nec
436 3319 502 3382 quo
516 3310 656 3383 tempore
676 3295 770 3359 editae
791 3295 852 3359 sint
873 3309 1004 3373 constat,
1019 3295 1076 3358 uisi
1099 3296 1186 3382 quod
1210 3299 1289 3360 Pro-

194 3397 352 3461 metheum
369 3397 507 3462 vinctum
524 3413 593 3484 post
609 3398 726 3484 olymp.
744 3413 798 3481 75,
815 3416 843 3462 2.
868 3398 1018 3482 scriptum
1042 3420 1107 3460 esse
1129 3397 1290 3483 probabile

190 3512 248 3576 est,
263 3498 304 3562 de
318 3523 383 3586 quo
397 3499 437 3563 ad
454 3523 482 3564 v.
498 3503 573 3585 367.
589 3517 777 3588 exponetur,
793 3521 895 3585 neque
916 3498 994 3562 illud
1016 3497 1212 3585 exploratum
1237 3500 1290 3564 ba-

193 3600 303 3664 bemus
325 3615 432 3664 utrum
452 3602 559 3666 eadem
583 3603 685 3667 ambas
706 3600 831 3687 trilogia
851 3600 1082 3688 comprehensae
1100 3624 1140 3664 an
1162 3601 1291 3668 diversis

191 3701 285 3766 editae
300 3702 493 3790 temporibus
512 3703 637 3768 suerint.
683 3702 745 3781 Qui
760 3702 901 3790 ejusdem
924 3702 1056 3789 triloff'ae
1077 3702 1172 3767 fuisse
1193 3705 1292 3768 credi-

190 3801 307 3867 derunt
320 3802 379 3866 viri
394 3803 479 3869 docti
494 3827 556 3869 non
573 3803 672 3868 solum
689 3804 866 3890 argumenti
877 3805 1064 3869 cohaerentia
1077 3804 1110 3867 in
1126 3805 1205 3868 banc
1216 3821 1290 3870 sunt

191 3903 377 3968 sententiam
401 3904 540 3984 deducti,
564 3905 619 3970 sed
643 3905 735 3970 etiam
763 3906 935 3970 scholiastae
958 3905 1144 3981 testimonio,
1171 3905 1225 3989 qui
1249 3906 1290 3969 ad

191 4005 308 4070 fabulae
330 4006 505 4093 superstitis
519 4030 549 4071 v.
566 4027 643 4093 511.
658 4007 863 4086 annotavit,d
883 4008 1073 4079 lovincias
1093 4030 1144 4085 μοι
1165 4010 1291 4085 λυθῆναι

193 4109 378 4189 μεμοίραται·
403 4111 437 4173 ἐν
451 4112 509 4191 γορ
523 4111 563 4195 τῷ
579 4108 646 4188 ἑξῆς
660 4108 784 4190 δράματι
798 4109 911 4171 λύεται·
934 4109 1007 4189 ὅπερ
1023 4108 1161 4187 ἐμφαίνει
1176 4110 1290 4191 Αἰσχύ-

191 4214 255 4275 λος.
295 4210 487 4296 Argumenti
509 4209 698 4274 cobaerentia
712 4231 807 4295 quam
829 4206 923 4271 lallax
947 4206 980 4270 in
1004 4207 1184 4294 hujusmodi
1205 4232 1292 4293 quae-

190 4309 345 4375 stionibus
358 4323 578 4398 argumentum
596 4310 636 4375 sit
649 4332 749 4397 quum
772 4309 916 4397 pluribus
929 4309 1051 4374 ostendi
1073 4310 1171 4396 possit
1185 4333 1289 4374 exem-

191 4410 262 4497 plis,
275 4411 349 4475 satis
359 4412 418 4477 erit
430 4412 594 4498 Sophoclis
608 4411 763 4498 OEdipum
780 4432 885 4496 regem
901 4426 932 4476 et
947 4410 1104 4499 OEdipum
1116 4414 1290 4476 Coloneum

195 4515 372 4594 memorari,
387 4537 461 4600 quae
471 4514 588 4580 fabulae
601 4511 772 4578 multorum
784 4534 937 4577 annorum
946 4512 1111 4578 intervallo
1121 4525 1195 4578 sunt
1205 4534 1292 4598 sepa-
