<?xml version="1.0" encoding="UTF-8"?>
<!DOCTYPE html PUBLIC "-//W3C//DTD XHTML 1.0 Transitional//EN"
    "http://www.w3.org/TR/xhtml1/DTD/xhtml1-transitional.dtd">
<html xmlns="http://www.w3.org/1999/xhtml" xml:lang="en" lang="en">
 <head>
  <title>
</title>
<meta http-equiv="Content-Type" content="text/html;charset=utf-8" />
  <meta name='ocr-system' content='tesseract 3.04.00' />
  <meta name='ocr-capabilities' content='ocr_page ocr_carea ocr_par ocr_line ocrx_word'/>
</head>
<body>
  <div class='ocr_page' id='page_1' title='image "./tragoediaesuper02aescgoog_0303.png"; bbox 0 0 2978 5062; ppageno 0'>
   <div class='ocr_carea' id='block_1_1' title="bbox 253 365 989 436">
    <p class='ocr_par' dir='ltr' id='par_1_1' title="bbox 253 365 989 436">
     <span class='ocr_line' id='line_1_1' title="bbox 253 365 989 436; baseline -0.003 0"><span class='ocrx_word' id='word_1_1' title='bbox 253 365 319 436; x_wconf 71' lang='lat'>296</span> <span class='ocrx_word' id='word_1_2' title='bbox 612 371 989 436; x_wconf 86' lang='lat' dir='ltr'>ANNOTATIONES</span> 
     </span>
    </p>
   </div>
   <div class='ocr_carea' id='block_1_2' title="bbox 242 537 1364 4490">
    <p class='ocr_par' dir='ltr' id='par_1_2' title="bbox 250 537 1364 726">
     <span class='ocr_line' id='line_1_2' title="bbox 250 537 1364 626; baseline 0.006 -26"><span class='ocrx_word' id='word_1_3' title='bbox 250 537 359 622; x_wconf 79' lang='lat' dir='ltr'><strong>paucis</strong></span> <span class='ocrx_word' id='word_1_4' title='bbox 373 537 433 623; x_wconf 89' lang='lat' dir='ltr'>legi</span> <span class='ocrx_word' id='word_1_5' title='bbox 447 538 569 602; x_wconf 87' lang='lat' dir='ltr'>videtur</span> <span class='ocrx_word' id='word_1_6' title='bbox 584 539 721 626; x_wconf 87' lang='lat' dir='ltr'>legitque</span> <span class='ocrx_word' id='word_1_7' title='bbox 736 539 910 618; x_wconf 83' lang='lat' dir='ltr'><strong>scholiasta,</strong></span> <span class='ocrx_word' id='word_1_8' title='bbox 923 539 1047 605; x_wconf 87' lang='lat' dir='ltr'>divitias</span> <span class='ocrx_word' id='word_1_9' title='bbox 1061 540 1364 626; x_wconf 80' lang='lat' dir='ltr'>intelligenslabore</span> 
     </span>
     <span class='ocr_line' id='line_1_3' title="bbox 251 652 366 726; baseline -0.009 -24"><span class='ocrx_word' id='word_1_10' title='bbox 251 652 366 726; x_wconf 87' lang='lat' dir='ltr'>partas.</span> 
     </span>
    </p>

    <p class='ocr_par' dir='ltr' id='par_1_3' title="bbox 252 742 1362 929">
     <span class='ocr_line' id='line_1_4' title="bbox 295 742 1362 831; baseline 0.007 -27"><span class='ocrx_word' id='word_1_11' title='bbox 295 758 311 821; x_wconf 91' lang='lat'><strong>7</strong></span> <span class='ocrx_word' id='word_1_12' title='bbox 315 761 367 826; x_wconf 82' lang='lat'><strong>52.</strong></span> <span class='ocrx_word' id='word_1_13' title='bbox 398 747 450 804; x_wconf 87' lang='grc' dir='ltr'>τοῦ</span> <span class='ocrx_word' id='word_1_14' title='bbox 473 742 659 827; x_wconf 83' lang='grc' dir='ltr'>φθάσαντος]</span> <span class='ocrx_word' id='word_1_15' title='bbox 689 770 736 825; x_wconf 84' lang='grc' dir='ltr'>γρ.</span> <span class='ocrx_word' id='word_1_16' title='bbox 763 750 825 810; x_wconf 84' lang='grc' dir='ltr'>τοῖς</span> <span class='ocrx_word' id='word_1_17' title='bbox 854 743 1011 826; x_wconf 83' lang='grc' dir='ltr'>φθάσασιν</span> <span class='ocrx_word' id='word_1_18' title='bbox 1041 744 1191 809; x_wconf 86' lang='lat' dir='ltr'>Cantabr.</span> <span class='ocrx_word' id='word_1_19' title='bbox 1222 745 1362 831; x_wconf 77' lang='lat' dir='ltr'>primus</span> 
     </span>
     <span class='ocr_line' id='line_1_5' title="bbox 252 842 1120 929; baseline 0.007 -23"><span class='ocrx_word' id='word_1_20' title='bbox 252 842 348 928; x_wconf 86' lang='lat' dir='ltr'><strong>Soph.</strong></span> <span class='ocrx_word' id='word_1_21' title='bbox 365 842 443 907; x_wconf 89' lang='lat' dir='ltr'><strong>OEd.</strong></span> <span class='ocrx_word' id='word_1_22' title='bbox 461 846 498 907; x_wconf 90' lang='lat' dir='ltr'>C.</span> <span class='ocrx_word' id='word_1_23' title='bbox 516 860 588 927; x_wconf 83' lang='lat'><strong>752.</strong></span> <span class='ocrx_word' id='word_1_24' title='bbox 605 847 775 913; x_wconf 81' lang='grc' dir='ltr'>τούπιόντος</span> <span class='ocrx_word' id='word_1_25' title='bbox 789 847 918 929; x_wconf 79' lang='grc' dir='ltr'>ἁρπαγή.</span> <span class='ocrx_word' id='word_1_26' title='bbox 943 849 1120 912; x_wconf 79' lang='lat' dir='ltr'><strong>BLOMF.</strong></span> 
     </span>
    </p>

    <p class='ocr_par' dir='ltr' id='par_1_4' title="bbox 295 946 1049 1030">
     <span class='ocr_line' id='line_1_6' title="bbox 295 946 1049 1030; baseline 0.007 -23"><span class='ocrx_word' id='word_1_27' title='bbox 295 962 311 1027; x_wconf 96' lang='lat'><strong>7</strong></span> <span class='ocrx_word' id='word_1_28' title='bbox 314 963 366 1029; x_wconf 79' lang='lat'><strong>53.</strong></span> <span class='ocrx_word' id='word_1_29' title='bbox 383 950 475 1008; x_wconf 83' lang='grc' dir='ltr'>ταῦτα</span> <span class='ocrx_word' id='word_1_30' title='bbox 490 946 562 1030; x_wconf 82' lang='grc' dir='ltr'>τοῖς]</span> <span class='ocrx_word' id='word_1_31' title='bbox 580 948 734 1010; x_wconf 69' lang='lat' dir='ltr'>Praestare</span> <span class='ocrx_word' id='word_1_32' title='bbox 749 947 874 1010; x_wconf 83' lang='lat' dir='ltr'>videtur</span> <span class='ocrx_word' id='word_1_33' title='bbox 889 948 982 1011; x_wconf 86' lang='grc' dir='ltr'>ταῦτά</span> <span class='ocrx_word' id='word_1_34' title='bbox 996 974 1049 1012; x_wconf 75' lang='grc' dir='ltr'>τοιι</span> 
     </span>
    </p>

    <p class='ocr_par' dir='ltr' id='par_1_5' title="bbox 250 1047 1358 1234">
     <span class='ocr_line' id='line_1_7' title="bbox 295 1047 1358 1131; baseline 0.005 -22"><span class='ocrx_word' id='word_1_35' title='bbox 295 1047 404 1131; x_wconf 80' lang='grc' dir='ltr'>κακοῖς]</span> <span class='ocrx_word' id='word_1_36' title='bbox 422 1049 483 1110; x_wconf 85' lang='lat' dir='ltr'>Por</span> <span class='ocrx_word' id='word_1_37' title='bbox 499 1049 603 1114; x_wconf 87' lang='grc' dir='ltr'>κακοὺς</span> <span class='ocrx_word' id='word_1_38' title='bbox 617 1050 726 1129; x_wconf 83' lang='grc' dir='ltr'>ἄνδρας</span> <span class='ocrx_word' id='word_1_39' title='bbox 743 1049 931 1112; x_wconf 83' lang='lat' dir='ltr'>Mardonius</span> <span class='ocrx_word' id='word_1_40' title='bbox 945 1049 1097 1114; x_wconf 85' lang='lat' dir='ltr'>innuitur.</span> <span class='ocrx_word' id='word_1_41' title='bbox 1136 1049 1229 1113; x_wconf 86' lang='lat' dir='ltr'><strong>Conf.</strong></span> <span class='ocrx_word' id='word_1_42' title='bbox 1247 1050 1358 1114; x_wconf 87' lang='lat' dir='ltr'>Hero-</span> 
     </span>
     <span class='ocr_line' id='line_1_8' title="bbox 250 1148 631 1234; baseline -0.013 -16"><span class='ocrx_word' id='word_1_43' title='bbox 250 1148 315 1218; x_wconf 86' lang='lat' dir='ltr'><strong>dot.</strong></span> <span class='ocrx_word' id='word_1_44' title='bbox 333 1149 365 1226; x_wconf 87' lang='lat'>8,</span> <span class='ocrx_word' id='word_1_45' title='bbox 381 1171 432 1234; x_wconf 88' lang='lat'>99.</span> <span class='ocrx_word' id='word_1_46' title='bbox 457 1151 631 1214; x_wconf 88' lang='lat' dir='ltr'><strong>BLOMF.</strong></span> 
     </span>
    </p>

    <p class='ocr_par' dir='ltr' id='par_1_6' title="bbox 293 1252 818 1335">
     <span class='ocr_line' id='line_1_9' title="bbox 293 1252 818 1335; baseline 0 -19"><span class='ocrx_word' id='word_1_47' title='bbox 293 1268 368 1335; x_wconf 84' lang='lat'><strong>755.</strong></span> <span class='ocrx_word' id='word_1_48' title='bbox 384 1252 438 1330; x_wconf 82' lang='grc' dir='ltr'>ξὺν</span> <span class='ocrx_word' id='word_1_49' title='bbox 451 1253 641 1316; x_wconf 80' lang='lat' dir='ltr'>Brunclrius.</span> <span class='ocrx_word' id='word_1_50' title='bbox 665 1255 722 1318; x_wconf 85' lang='grc' dir='ltr'>σὺν</span> <span class='ocrx_word' id='word_1_51' title='bbox 738 1253 818 1317; x_wconf 83' lang='lat' dir='ltr'>libri.</span> 
     </span>
    </p>

    <p class='ocr_par' dir='ltr' id='par_1_7' title="bbox 249 1354 1358 2055">
     <span class='ocr_line' id='line_1_10' title="bbox 295 1354 1358 1442; baseline 0.004 -25"><span class='ocrx_word' id='word_1_52' title='bbox 295 1357 367 1438; x_wconf 83' lang='lat'><strong>756.</strong></span> <span class='ocrx_word' id='word_1_53' title='bbox 394 1355 481 1418; x_wconf 85' lang='grc' dir='ltr'>ἔνδον</span> <span class='ocrx_word' id='word_1_54' title='bbox 507 1355 673 1440; x_wconf 79' lang='grc' dir='ltr'>αἰχμάζειν]</span> <span class='ocrx_word' id='word_1_55' title='bbox 696 1357 806 1419; x_wconf 77' lang='lat' dir='ltr'>Hasta</span> <span class='ocrx_word' id='word_1_56' title='bbox 829 1377 992 1442; x_wconf 79' lang='lat' dir='ltr'>pugnare.</span> <span class='ocrx_word' id='word_1_57' title='bbox 1037 1357 1168 1418; x_wconf 83' lang='lat' dir='ltr'>Homer.</span> <span class='ocrx_word' id='word_1_58' title='bbox 1194 1354 1288 1419; x_wconf 83' lang='lat' dir='ltr'><strong>Iliad.</strong></span> <span class='ocrx_word' id='word_1_59' title='bbox 1314 1365 1358 1434; x_wconf 90' lang='grc' dir='ltr'>Δ,</span> 
     </span>
     <span class='ocr_line' id='line_1_11' title="bbox 249 1456 1358 1542; baseline 0.001 -22"><span class='ocrx_word' id='word_1_60' title='bbox 249 1477 324 1540; x_wconf 75' lang='lat'><strong>324.</strong></span> <span class='ocrx_word' id='word_1_61' title='bbox 354 1461 463 1540; x_wconf 79' lang='grc' dir='ltr'>αἰχμὰς</span> <span class='ocrx_word' id='word_1_62' title='bbox 493 1457 516 1519; x_wconf 88' lang='grc' dir='ltr'>δ’</span> <span class='ocrx_word' id='word_1_63' title='bbox 547 1456 751 1539; x_wconf 79' lang='grc' dir='ltr'>αἰχμάσσουσι</span> <span class='ocrx_word' id='word_1_64' title='bbox 775 1460 923 1538; x_wconf 78' lang='grc' dir='ltr'>νεώτεροι.</span> <span class='ocrx_word' id='word_1_65' title='bbox 961 1459 1084 1542; x_wconf 84' lang='lat' dir='ltr'>Nempe</span> <span class='ocrx_word' id='word_1_66' title='bbox 1114 1459 1240 1521; x_wconf 83' lang='lat' dir='ltr'>Xerxes</span> <span class='ocrx_word' id='word_1_67' title='bbox 1260 1457 1291 1520; x_wconf 89' lang='lat' dir='ltr'>in</span> <span class='ocrx_word' id='word_1_68' title='bbox 1318 1483 1358 1522; x_wconf 89' lang='lat' dir='ltr'>eo</span> 
     </span>
     <span class='ocr_line' id='line_1_12' title="bbox 251 1557 1356 1645; baseline 0 -21"><span class='ocrx_word' id='word_1_69' title='bbox 251 1558 392 1644; x_wconf 82' lang='lat' dir='ltr'>AEgisthi</span> <span class='ocrx_word' id='word_1_70' title='bbox 412 1557 518 1622; x_wconf 88' lang='lat' dir='ltr'>similis</span> <span class='ocrx_word' id='word_1_71' title='bbox 532 1575 611 1635; x_wconf 84' lang='lat' dir='ltr'>erat,</span> <span class='ocrx_word' id='word_1_72' title='bbox 623 1559 678 1645; x_wconf 93' lang='lat' dir='ltr'>qui</span> <span class='ocrx_word' id='word_1_73' title='bbox 694 1559 810 1623; x_wconf 91' lang='lat' dir='ltr'>dicitur</span> <span class='ocrx_word' id='word_1_74' title='bbox 826 1563 842 1622; x_wconf 90' lang='grc' dir='ltr'>ὁ</span> <span class='ocrx_word' id='word_1_75' title='bbox 858 1560 915 1622; x_wconf 88' lang='grc' dir='ltr'>σὺν</span> <span class='ocrx_word' id='word_1_76' title='bbox 930 1561 1045 1640; x_wconf 78' lang='grc' dir='ltr'>γυναιξὶ</span> <span class='ocrx_word' id='word_1_77' title='bbox 1061 1563 1114 1626; x_wconf 82' lang='grc' dir='ltr'>τὰς</span> <span class='ocrx_word' id='word_1_78' title='bbox 1130 1559 1229 1642; x_wconf 83' lang='grc' dir='ltr'>μάχας</span> <span class='ocrx_word' id='word_1_79' title='bbox 1250 1563 1356 1624; x_wconf 78' lang='grc' dir='ltr'>ποιού·</span> 
     </span>
     <span class='ocr_line' id='line_1_13' title="bbox 249 1658 1356 1747; baseline 0.002 -24"><span class='ocrx_word' id='word_1_80' title='bbox 249 1686 338 1739; x_wconf 89' lang='grc' dir='ltr'>μενος</span> <span class='ocrx_word' id='word_1_81' title='bbox 362 1658 506 1744; x_wconf 90' lang='lat' dir='ltr'>Sophocl.</span> <span class='ocrx_word' id='word_1_82' title='bbox 528 1661 644 1723; x_wconf 89' lang='lat' dir='ltr'>Electr.</span> <span class='ocrx_word' id='word_1_83' title='bbox 665 1680 739 1745; x_wconf 82' lang='lat'><strong>302.</strong></span> <span class='ocrx_word' id='word_1_84' title='bbox 778 1660 840 1723; x_wconf 82' lang='lat' dir='ltr'>Cui</span> <span class='ocrx_word' id='word_1_85' title='bbox 863 1660 978 1724; x_wconf 90' lang='lat' dir='ltr'>idcirco</span> <span class='ocrx_word' id='word_1_86' title='bbox 1000 1661 1155 1747; x_wconf 71' lang='lat' dir='ltr'>regentur</span> <span class='ocrx_word' id='word_1_87' title='bbox 1175 1661 1206 1724; x_wconf 94' lang='lat' dir='ltr'>in</span> <span class='ocrx_word' id='word_1_88' title='bbox 1233 1663 1356 1747; x_wconf 87' lang='lat' dir='ltr'>Agam.</span> 
     </span>
     <span class='ocr_line' id='line_1_14' title="bbox 253 1763 1355 1844; baseline 0.004 -19"><span class='ocrx_word' id='word_1_89' title='bbox 253 1764 345 1843; x_wconf 88' lang='lat'>1676.</span> <span class='ocrx_word' id='word_1_90' title='bbox 363 1764 528 1843; x_wconf 86' lang='grc' dir='ltr'>Κόμπασον</span> <span class='ocrx_word' id='word_1_91' title='bbox 543 1768 662 1844; x_wconf 80' lang='grc' dir='ltr'>θαρσῶν</span> <span class='ocrx_word' id='word_1_92' title='bbox 677 1763 809 1842; x_wconf 79' lang='grc' dir='ltr'>ἀλέκτωρ</span> <span class='ocrx_word' id='word_1_93' title='bbox 828 1764 907 1825; x_wconf 80' lang='grc' dir='ltr'>ὥστε</span> <span class='ocrx_word' id='word_1_94' title='bbox 922 1765 1044 1842; x_wconf 80' lang='grc' dir='ltr'>θηλείας</span> <span class='ocrx_word' id='word_1_95' title='bbox 1063 1766 1168 1837; x_wconf 81' lang='grc' dir='ltr'>πέλας,</span> <span class='ocrx_word' id='word_1_96' title='bbox 1186 1787 1258 1827; x_wconf 87' lang='lat' dir='ltr'>nam</span> <span class='ocrx_word' id='word_1_97' title='bbox 1277 1765 1355 1829; x_wconf 89' lang='lat' dir='ltr'>Pin·</span> 
     </span>
     <span class='ocr_line' id='line_1_15' title="bbox 249 1863 1354 1948; baseline 0.004 -20"><span class='ocrx_word' id='word_1_98' title='bbox 249 1863 345 1928; x_wconf 88' lang='lat' dir='ltr'>(larus</span> <span class='ocrx_word' id='word_1_99' title='bbox 370 1864 462 1928; x_wconf 88' lang='lat' dir='ltr'>etiam</span> <span class='ocrx_word' id='word_1_100' title='bbox 489 1864 569 1928; x_wconf 81' lang='lat' dir='ltr'>dixit</span> <span class='ocrx_word' id='word_1_101' title='bbox 595 1864 762 1948; x_wconf 76' lang='grc' dir='ltr'>ἐνδομάχας</span> <span class='ocrx_word' id='word_1_102' title='bbox 791 1865 924 1945; x_wconf 86' lang='grc' dir='ltr'>ἀλέκτωρ</span> <span class='ocrx_word' id='word_1_103' title='bbox 947 1864 998 1930; x_wconf 89' lang='lat' dir='ltr'>Ol.</span> <span class='ocrx_word' id='word_1_104' title='bbox 1024 1884 1075 1944; x_wconf 85' lang='lat'>12,</span> <span class='ocrx_word' id='word_1_105' title='bbox 1100 1886 1150 1931; x_wconf 92' lang='lat'>20.</span> <span class='ocrx_word' id='word_1_106' title='bbox 1174 1867 1354 1931; x_wconf 80' lang='lat' dir='ltr'><strong>BLOMF.</strong></span> 
     </span>
     <span class='ocr_line' id='line_1_16' title="bbox 250 1966 997 2055; baseline 0.003 -25"><span class='ocrx_word' id='word_1_107' title='bbox 250 1967 399 2031; x_wconf 85' lang='lat' dir='ltr'>Similiter</span> <span class='ocrx_word' id='word_1_108' title='bbox 414 1966 605 2032; x_wconf 79' lang='lat' dir='ltr'>Wakefield.</span> <span class='ocrx_word' id='word_1_109' title='bbox 619 1967 659 2031; x_wconf 90' lang='lat' dir='ltr'>ad</span> <span class='ocrx_word' id='word_1_110' title='bbox 677 1969 773 2055; x_wconf 91' lang='lat' dir='ltr'><strong>Soph.</strong></span> <span class='ocrx_word' id='word_1_111' title='bbox 789 1968 907 2031; x_wconf 86' lang='lat' dir='ltr'>Trach.</span> <span class='ocrx_word' id='word_1_112' title='bbox 922 1988 941 2053; x_wconf 80' lang='lat'>3</span> <span class='ocrx_word' id='word_1_113' title='bbox 945 1972 997 2051; x_wconf 87' lang='lat'><strong>56.</strong></span> 
     </span>
    </p>

    <p class='ocr_par' dir='ltr' id='par_1_8' title="bbox 249 2068 1354 2358">
     <span class='ocr_line' id='line_1_17' title="bbox 294 2068 1354 2155; baseline 0.003 -23"><span class='ocrx_word' id='word_1_114' title='bbox 294 2087 368 2153; x_wconf 84' lang='lat'><strong>759.</strong></span> <span class='ocrx_word' id='word_1_115' title='bbox 393 2070 480 2154; x_wconf 87' lang='grc' dir='ltr'>σφιν]</span> <span class='ocrx_word' id='word_1_116' title='bbox 504 2071 644 2133; x_wconf 90' lang='lat' dir='ltr'>Numero</span> <span class='ocrx_word' id='word_1_117' title='bbox 667 2068 816 2155; x_wconf 84' lang='lat' dir='ltr'>singulari</span> <span class='ocrx_word' id='word_1_118' title='bbox 838 2068 969 2145; x_wconf 90' lang='lat' dir='ltr'>dictum,</span> <span class='ocrx_word' id='word_1_119' title='bbox 994 2085 1029 2132; x_wconf 93' lang='lat' dir='ltr'>ut</span> <span class='ocrx_word' id='word_1_120' title='bbox 1048 2069 1133 2155; x_wconf 85' lang='lat' dir='ltr'>apud</span> <span class='ocrx_word' id='word_1_121' title='bbox 1158 2069 1256 2155; x_wconf 86' lang='lat' dir='ltr'>Soph.</span> <span class='ocrx_word' id='word_1_122' title='bbox 1272 2071 1354 2135; x_wconf 85' lang='lat' dir='ltr'><strong>(Ed.</strong></span> 
     </span>
     <span class='ocr_line' id='line_1_18' title="bbox 250 2170 1353 2257; baseline 0.004 -23"><span class='ocrx_word' id='word_1_123' title='bbox 250 2170 320 2234; x_wconf 92' lang='lat' dir='ltr'><strong>Col.</strong></span> <span class='ocrx_word' id='word_1_124' title='bbox 335 2191 427 2252; x_wconf 86' lang='lat'><strong>1490.</strong></span> <span class='ocrx_word' id='word_1_125' title='bbox 441 2194 512 2257; x_wconf 84' lang='lat' dir='ltr'>quae</span> <span class='ocrx_word' id='word_1_126' title='bbox 528 2171 593 2234; x_wconf 87' lang='lat' dir='ltr'>sola</span> <span class='ocrx_word' id='word_1_127' title='bbox 607 2171 647 2234; x_wconf 87' lang='lat' dir='ltr'>do</span> <span class='ocrx_word' id='word_1_128' title='bbox 662 2171 786 2257; x_wconf 82' lang='lat' dir='ltr'>tragicis</span> <span class='ocrx_word' id='word_1_129' title='bbox 800 2172 944 2257; x_wconf 85' lang='lat' dir='ltr'>exempla</span> <span class='ocrx_word' id='word_1_130' title='bbox 958 2171 1172 2235; x_wconf 87' lang='lat' dir='ltr'>innotuerunt.</span> <span class='ocrx_word' id='word_1_131' title='bbox 1205 2174 1243 2236; x_wconf 88' lang='lat' dir='ltr'>V.</span> <span class='ocrx_word' id='word_1_132' title='bbox 1257 2173 1353 2238; x_wconf 81' lang='lat' dir='ltr'>Butt-</span> 
     </span>
     <span class='ocr_line' id='line_1_19' title="bbox 249 2272 709 2358; baseline 0 -23"><span class='ocrx_word' id='word_1_133' title='bbox 249 2294 354 2336; x_wconf 83' lang='lat' dir='ltr'><strong>mann.</strong></span> <span class='ocrx_word' id='word_1_134' title='bbox 373 2272 475 2336; x_wconf 83' lang='lat' dir='ltr'>Lexil.</span> <span class='ocrx_word' id='word_1_135' title='bbox 492 2272 552 2336; x_wconf 83' lang='lat' dir='ltr'><strong>vol.</strong></span> <span class='ocrx_word' id='word_1_136' title='bbox 570 2294 597 2336; x_wconf 91' lang='lat'><strong>1.</strong></span> <span class='ocrx_word' id='word_1_137' title='bbox 615 2297 645 2358; x_wconf 88' lang='lat' dir='ltr'>p.</span> <span class='ocrx_word' id='word_1_138' title='bbox 658 2276 709 2336; x_wconf 92' lang='lat'>60.</span> 
     </span>
    </p>

    <p class='ocr_par' dir='ltr' id='par_1_9' title="bbox 252 2372 1186 2460">
     <span class='ocr_line' id='line_1_20' title="bbox 252 2372 1186 2460; baseline 0 -23"><span class='ocrx_word' id='word_1_139' title='bbox 252 2424 256 2430; x_wconf 89' lang='lat'><strong>.</strong></span> <span class='ocrx_word' id='word_1_140' title='bbox 294 2378 367 2455; x_wconf 89' lang='lat'><strong>760.</strong></span> <span class='ocrx_word' id='word_1_141' title='bbox 383 2375 574 2460; x_wconf 86' lang='grc' dir='ltr'>ἀείμνηστον]</span> <span class='ocrx_word' id='word_1_142' title='bbox 590 2378 781 2454; x_wconf 85' lang='grc' dir='ltr'>αἶείμνηστον</span> <span class='ocrx_word' id='word_1_143' title='bbox 796 2372 914 2459; x_wconf 80' lang='lat' dir='ltr'>aliquot</span> <span class='ocrx_word' id='word_1_144' title='bbox 929 2372 1020 2436; x_wconf 85' lang='lat' dir='ltr'><strong>codd.</strong></span> <span class='ocrx_word' id='word_1_145' title='bbox 1037 2388 1068 2436; x_wconf 90' lang='lat' dir='ltr'>et</span> <span class='ocrx_word' id='word_1_146' title='bbox 1084 2375 1186 2437; x_wconf 85' lang='lat' dir='ltr'>Turn.</span> 
     </span>
    </p>

    <p class='ocr_par' dir='ltr' id='par_1_10' title="bbox 294 2473 1152 2561">
     <span class='ocr_line' id='line_1_21' title="bbox 294 2473 1152 2561; baseline 0 -22"><span class='ocrx_word' id='word_1_147' title='bbox 294 2479 365 2559; x_wconf 88' lang='lat'><strong>761.</strong></span> <span class='ocrx_word' id='word_1_148' title='bbox 382 2477 585 2561; x_wconf 72' lang='grc' dir='ltr'>ἐξεκείνωσεν]</span> <span class='ocrx_word' id='word_1_149' title='bbox 601 2475 763 2554; x_wconf 74' lang='grc' dir='ltr'>ἐξεκένωσε</span> <span class='ocrx_word' id='word_1_150' title='bbox 778 2475 898 2560; x_wconf 85' lang='lat' dir='ltr'>aliquot</span> <span class='ocrx_word' id='word_1_151' title='bbox 914 2473 1004 2538; x_wconf 90' lang='lat' dir='ltr'><strong>codd.</strong></span> <span class='ocrx_word' id='word_1_152' title='bbox 1021 2489 1052 2537; x_wconf 88' lang='lat' dir='ltr'>et</span> <span class='ocrx_word' id='word_1_153' title='bbox 1067 2474 1152 2539; x_wconf 90' lang='lat' dir='ltr'><strong>Rob.</strong></span> 
     </span>
    </p>

    <p class='ocr_par' dir='ltr' id='par_1_11' title="bbox 248 2576 1355 2968">
     <span class='ocr_line' id='line_1_22' title="bbox 293 2576 1354 2664; baseline 0.002 -22"><span class='ocrx_word' id='word_1_154' title='bbox 293 2583 368 2664; x_wconf 87' lang='lat'><strong>763.</strong></span> <span class='ocrx_word' id='word_1_155' title='bbox 392 2579 471 2659; x_wconf 82' lang='grc' dir='ltr'>ἄνδρ’</span> <span class='ocrx_word' id='word_1_156' title='bbox 497 2580 606 2658; x_wconf 83' lang='grc' dir='ltr'>(ἄνδρα</span> <span class='ocrx_word' id='word_1_157' title='bbox 631 2576 804 2663; x_wconf 64' lang='lat' dir='ltr'>typothetae</span> <span class='ocrx_word' id='word_1_158' title='bbox 827 2577 921 2662; x_wconf 88' lang='lat' dir='ltr'>culpa</span> <span class='ocrx_word' id='word_1_159' title='bbox 945 2577 977 2639; x_wconf 91' lang='lat' dir='ltr'>in</span> <span class='ocrx_word' id='word_1_160' title='bbox 1003 2576 1053 2640; x_wconf 89' lang='lat' dir='ltr'>ed.</span> <span class='ocrx_word' id='word_1_161' title='bbox 1077 2580 1198 2663; x_wconf 85' lang='lat' dir='ltr'><strong>Oxou.)</strong></span> <span class='ocrx_word' id='word_1_162' title='bbox 1223 2577 1354 2664; x_wconf 85' lang='grc' dir='ltr'>ἀπάσης]</span> 
     </span>
     <span class='ocr_line' id='line_1_23' title="bbox 250 2678 877 2763; baseline -0.01 -18"><span class='ocrx_word' id='word_1_163' title='bbox 250 2682 302 2746; x_wconf 89' lang='lat' dir='ltr'>Sic</span> <span class='ocrx_word' id='word_1_164' title='bbox 318 2684 356 2744; x_wconf 82' lang='lat' dir='ltr'><strong>A.</strong></span> <span class='ocrx_word' id='word_1_165' title='bbox 373 2698 403 2744; x_wconf 89' lang='lat' dir='ltr'>et</span> <span class='ocrx_word' id='word_1_166' title='bbox 420 2679 528 2744; x_wconf 88' lang='lat' dir='ltr'>Guelf.</span> <span class='ocrx_word' id='word_1_167' title='bbox 553 2682 646 2761; x_wconf 83' lang='grc' dir='ltr'>ἄνδρα</span> <span class='ocrx_word' id='word_1_168' title='bbox 660 2678 758 2758; x_wconf 86' lang='grc' dir='ltr'>πάσης</span> <span class='ocrx_word' id='word_1_169' title='bbox 772 2679 877 2763; x_wconf 83' lang='lat' dir='ltr'>vulgo.</span> 
     </span>
     <span class='ocr_line' id='line_1_24' title="bbox 248 2779 1355 2868; baseline 0.001 -21"><span class='ocrx_word' id='word_1_170' title='bbox 248 2827 249 2830; x_wconf 55' lang='lat'><em>=</em></span> <span class='ocrx_word' id='word_1_171' title='bbox 291 2783 412 2849; x_wconf 86' lang='grc' dir='ltr'>Ἀσίδος</span> <span class='ocrx_word' id='word_1_172' title='bbox 428 2784 519 2846; x_wconf 89' lang='lat' dir='ltr'><strong>C.M.</strong></span> <span class='ocrx_word' id='word_1_173' title='bbox 537 2782 663 2844; x_wconf 87' lang='lat' dir='ltr'><strong>Barocc.</strong></span> <span class='ocrx_word' id='word_1_174' title='bbox 681 2781 758 2844; x_wconf 89' lang='lat' dir='ltr'><strong>Ald.</strong></span> <span class='ocrx_word' id='word_1_175' title='bbox 775 2782 878 2843; x_wconf 88' lang='lat' dir='ltr'>Turn.</span> <span class='ocrx_word' id='word_1_176' title='bbox 910 2779 1051 2846; x_wconf 86' lang='grc' dir='ltr'>Ἀσιάδος</span> <span class='ocrx_word' id='word_1_177' title='bbox 1073 2779 1166 2843; x_wconf 92' lang='lat' dir='ltr'><strong>codd.</strong></span> <span class='ocrx_word' id='word_1_178' title='bbox 1185 2779 1298 2868; x_wconf 87' lang='lat' dir='ltr'>reliqui</span> <span class='ocrx_word' id='word_1_179' title='bbox 1321 2797 1355 2848; x_wconf 86' lang='lat' dir='ltr'>et</span> 
     </span>
     <span class='ocr_line' id='line_1_25' title="bbox 249 2881 767 2968; baseline -0.008 -19"><span class='ocrx_word' id='word_1_180' title='bbox 249 2886 333 2949; x_wconf 84' lang='lat' dir='ltr'><strong>Rob.</strong></span> <span class='ocrx_word' id='word_1_181' title='bbox 351 2884 461 2968; x_wconf 90' lang='lat' dir='ltr'>Steph.</span> <span class='ocrx_word' id='word_1_182' title='bbox 501 2883 574 2946; x_wconf 91' lang='lat' dir='ltr'><strong>Vid.</strong></span> <span class='ocrx_word' id='word_1_183' title='bbox 590 2881 629 2944; x_wconf 88' lang='lat' dir='ltr'>ad</span> <span class='ocrx_word' id='word_1_184' title='bbox 647 2905 676 2944; x_wconf 89' lang='lat' dir='ltr'><strong>v.</strong></span> <span class='ocrx_word' id='word_1_185' title='bbox 695 2901 767 2962; x_wconf 89' lang='lat'><strong>270.</strong></span> 
     </span>
    </p>

    <p class='ocr_par' dir='ltr' id='par_1_12' title="bbox 293 2981 993 3069">
     <span class='ocr_line' id='line_1_26' title="bbox 293 2981 993 3069; baseline -0.004 -20"><span class='ocrx_word' id='word_1_186' title='bbox 293 2990 366 3066; x_wconf 76' lang='lat'><strong>764.</strong></span> <span class='ocrx_word' id='word_1_187' title='bbox 383 2983 584 3067; x_wconf 84' lang='grc' dir='ltr'>εὐθυντήριον]</span> <span class='ocrx_word' id='word_1_188' title='bbox 601 2981 766 3062; x_wconf 82' lang='grc' dir='ltr'>ἰθυντήριον</span> <span class='ocrx_word' id='word_1_189' title='bbox 783 2985 890 3069; x_wconf 87' lang='lat' dir='ltr'><strong>Mosq.</strong></span> <span class='ocrx_word' id='word_1_190' title='bbox 907 2984 993 3048; x_wconf 91' lang='lat' dir='ltr'><strong>Rob.</strong></span> 
     </span>
    </p>

    <p class='ocr_par' dir='ltr' id='par_1_13' title="bbox 245 3083 1354 4068">
     <span class='ocr_line' id='line_1_27' title="bbox 292 3083 1353 3173; baseline 0.001 -23"><span class='ocrx_word' id='word_1_191' title='bbox 292 3090 364 3170; x_wconf 85' lang='lat'><strong>765.</strong></span> <span class='ocrx_word' id='word_1_192' title='bbox 389 3086 503 3170; x_wconf 75' lang='grc' dir='ltr'>Μῆδος]</span> <span class='ocrx_word' id='word_1_193' title='bbox 525 3087 576 3148; x_wconf 89' lang='lat' dir='ltr'>Dc</span> <span class='ocrx_word' id='word_1_194' title='bbox 599 3085 657 3147; x_wconf 92' lang='lat' dir='ltr'>hoc</span> <span class='ocrx_word' id='word_1_195' title='bbox 675 3085 743 3146; x_wconf 92' lang='lat' dir='ltr'>loco</span> <span class='ocrx_word' id='word_1_196' title='bbox 761 3083 969 3149; x_wconf 87' lang='lat' dir='ltr'>hallucinatus</span> <span class='ocrx_word' id='word_1_197' title='bbox 985 3101 1031 3150; x_wconf 92' lang='lat' dir='ltr'>est</span> <span class='ocrx_word' id='word_1_198' title='bbox 1054 3086 1192 3173; x_wconf 81' lang='lat' dir='ltr'>Scaliger</span> <span class='ocrx_word' id='word_1_199' title='bbox 1214 3087 1255 3150; x_wconf 91' lang='lat' dir='ltr'>de</span> <span class='ocrx_word' id='word_1_200' title='bbox 1278 3089 1353 3152; x_wconf 88' lang='lat' dir='ltr'>Em.</span> 
     </span>
     <span class='ocr_line' id='line_1_28' title="bbox 249 3188 1354 3276; baseline 0.002 -24"><span class='ocrx_word' id='word_1_201' title='bbox 249 3191 364 3275; x_wconf 78' lang='lat' dir='ltr'>-Tcmp,</span> <span class='ocrx_word' id='word_1_202' title='bbox 382 3212 412 3274; x_wconf 90' lang='lat' dir='ltr'><strong>p.</strong></span> <span class='ocrx_word' id='word_1_203' title='bbox 427 3207 501 3272; x_wconf 90' lang='grc'><strong><em>590.</em></strong></span> <span class='ocrx_word' id='word_1_204' title='bbox 541 3191 643 3265; x_wconf 82' lang='grc' dir='ltr'>Μῆδος</span> <span class='ocrx_word' id='word_1_205' title='bbox 657 3203 703 3249; x_wconf 87' lang='lat' dir='ltr'>est</span> <span class='ocrx_word' id='word_1_206' title='bbox 718 3208 829 3249; x_wconf 91' lang='lat' dir='ltr'>nomen</span> <span class='ocrx_word' id='word_1_207' title='bbox 849 3188 975 3273; x_wconf 87' lang='lat' dir='ltr'>gentile.</span> <span class='ocrx_word' id='word_1_208' title='bbox 1015 3188 1166 3252; x_wconf 87' lang='lat' dir='ltr'>Innuitur</span> <span class='ocrx_word' id='word_1_209' title='bbox 1181 3191 1354 3276; x_wconf 86' lang='lat' dir='ltr'>Astyages,</span> 
     </span>
     <span class='ocr_line' id='line_1_29' title="bbox 247 3288 1353 3375; baseline 0 -19"><span class='ocrx_word' id='word_1_210' title='bbox 247 3293 419 3356; x_wconf 82' lang='lat' dir='ltr'>Medorum</span> <span class='ocrx_word' id='word_1_211' title='bbox 442 3313 508 3366; x_wconf 86' lang='lat' dir='ltr'>rex,</span> <span class='ocrx_word' id='word_1_212' title='bbox 524 3310 617 3375; x_wconf 87' lang='lat' dir='ltr'>quem</span> <span class='ocrx_word' id='word_1_213' title='bbox 643 3288 797 3351; x_wconf 87' lang='lat' dir='ltr'>Stanleins</span> <span class='ocrx_word' id='word_1_214' title='bbox 820 3289 954 3352; x_wconf 90' lang='lat' dir='ltr'>eundem</span> <span class='ocrx_word' id='word_1_215' title='bbox 970 3312 1036 3353; x_wconf 90' lang='lat' dir='ltr'>esse</span> <span class='ocrx_word' id='word_1_216' title='bbox 1058 3305 1200 3375; x_wconf 86' lang='lat' dir='ltr'>putatae</span> <span class='ocrx_word' id='word_1_217' title='bbox 1216 3291 1353 3356; x_wconf 89' lang='lat' dir='ltr'>Darium</span> 
     </span>
     <span class='ocr_line' id='line_1_30' title="bbox 248 3389 1354 3476; baseline 0 -20"><span class='ocrx_word' id='word_1_218' title='bbox 248 3395 394 3473; x_wconf 87' lang='lat' dir='ltr'>Medum,</span> <span class='ocrx_word' id='word_1_219' title='bbox 411 3417 429 3456; x_wconf 86' lang='lat' dir='ltr'>a</span> <span class='ocrx_word' id='word_1_220' title='bbox 445 3392 576 3456; x_wconf 81' lang='lat' dir='ltr'>Daniele</span> <span class='ocrx_word' id='word_1_221' title='bbox 593 3405 817 3462; x_wconf 63' lang='lat' dir='ltr'>memoratum</span> <span class='ocrx_word' id='word_1_222' title='bbox 842 3389 893 3453; x_wconf 92' lang='lat' dir='ltr'>cui</span> <span class='ocrx_word' id='word_1_223' title='bbox 914 3391 1075 3454; x_wconf 66' lang='lat' dir='ltr'>sententiae</span> <span class='ocrx_word' id='word_1_224' title='bbox 1089 3390 1199 3476; x_wconf 91' lang='lat' dir='ltr'>objicit</span> <span class='ocrx_word' id='word_1_225' title='bbox 1213 3393 1354 3456; x_wconf 86' lang='lat' dir='ltr'>Larche·</span> 
     </span>
     <span class='ocr_line' id='line_1_31' title="bbox 246 3491 1351 3580; baseline -0.002 -22"><span class='ocrx_word' id='word_1_226' title='bbox 246 3519 301 3559; x_wconf 84' lang='lat' dir='ltr'>rus</span> <span class='ocrx_word' id='word_1_227' title='bbox 330 3496 370 3558; x_wconf 89' lang='lat' dir='ltr'>ad</span> <span class='ocrx_word' id='word_1_228' title='bbox 397 3495 551 3558; x_wconf 88' lang='lat' dir='ltr'>Herodot.</span> <span class='ocrx_word' id='word_1_229' title='bbox 576 3494 636 3556; x_wconf 88' lang='lat' dir='ltr'><strong>vol.</strong></span> <span class='ocrx_word' id='word_1_230' title='bbox 661 3512 693 3577; x_wconf 88' lang='grc'>5.</span> <span class='ocrx_word' id='word_1_231' title='bbox 719 3517 749 3579; x_wconf 89' lang='lat' dir='ltr'>p.</span> <span class='ocrx_word' id='word_1_232' title='bbox 771 3494 843 3578; x_wconf 82' lang='lat'><strong>283.</strong></span> <span class='ocrx_word' id='word_1_233' title='bbox 867 3491 1001 3555; x_wconf 86' lang='lat' dir='ltr'>Darium</span> <span class='ocrx_word' id='word_1_234' title='bbox 1029 3493 1202 3580; x_wconf 85' lang='lat' dir='ltr'>Babylonis</span> <span class='ocrx_word' id='word_1_235' title='bbox 1227 3507 1351 3557; x_wconf 88' lang='lat' dir='ltr'>tantum</span> 
     </span>
     <span class='ocr_line' id='line_1_32' title="bbox 246 3595 1351 3682; baseline 0.001 -23"><span class='ocrx_word' id='word_1_236' title='bbox 246 3619 349 3682; x_wconf 82' lang='lat' dir='ltr'>regern</span> <span class='ocrx_word' id='word_1_237' title='bbox 366 3597 471 3674; x_wconf 85' lang='lat' dir='ltr'>fuisse,</span> <span class='ocrx_word' id='word_1_238' title='bbox 486 3599 662 3680; x_wconf 80' lang='lat' dir='ltr'>Astyagem</span> <span class='ocrx_word' id='word_1_239' title='bbox 680 3618 753 3657; x_wconf 90' lang='lat' dir='ltr'>vero</span> <span class='ocrx_word' id='word_1_240' title='bbox 770 3595 898 3658; x_wconf 86' lang='lat' dir='ltr'>Mediae.</span> <span class='ocrx_word' id='word_1_241' title='bbox 944 3595 1045 3658; x_wconf 89' lang='lat' dir='ltr'>Filius</span> <span class='ocrx_word' id='word_1_242' title='bbox 1059 3597 1128 3682; x_wconf 87' lang='lat' dir='ltr'>ejus</span> <span class='ocrx_word' id='word_1_243' title='bbox 1144 3601 1216 3681; x_wconf 89' lang='lat' dir='ltr'>(seu</span> <span class='ocrx_word' id='word_1_244' title='bbox 1238 3599 1351 3682; x_wconf 87' lang='lat' dir='ltr'>gener)</span> 
     </span>
     <span class='ocr_line' id='line_1_33' title="bbox 245 3696 1349 3785; baseline -0.002 -23"><span class='ocrx_word' id='word_1_245' title='bbox 245 3698 301 3784; x_wconf 88' lang='lat' dir='ltr'>qui</span> <span class='ocrx_word' id='word_1_246' title='bbox 331 3721 392 3762; x_wconf 91' lang='lat' dir='ltr'>non</span> <span class='ocrx_word' id='word_1_247' title='bbox 419 3698 608 3771; x_wconf 86' lang='lat' dir='ltr'>nominatur,</span> <span class='ocrx_word' id='word_1_248' title='bbox 636 3698 797 3781; x_wconf 82' lang='lat' dir='ltr'>Cyaxares</span> <span class='ocrx_word' id='word_1_249' title='bbox 822 3696 902 3767; x_wconf 63' lang='lat' dir='ltr'>tuin</span> <span class='ocrx_word' id='word_1_250' title='bbox 933 3696 1009 3782; x_wconf 81' lang='lat' dir='ltr'>Cyri</span> <span class='ocrx_word' id='word_1_251' title='bbox 1036 3696 1128 3776; x_wconf 87' lang='lat' dir='ltr'>filius,</span> <span class='ocrx_word' id='word_1_252' title='bbox 1155 3698 1349 3785; x_wconf 85' lang='lat' dir='ltr'>Cambyses;</span> 
     </span>
     <span class='ocr_line' id='line_1_34' title="bbox 245 3798 1353 3886; baseline 0 -22"><span class='ocrx_word' id='word_1_253' title='bbox 245 3800 316 3864; x_wconf 90' lang='lat' dir='ltr'>dein</span> <span class='ocrx_word' id='word_1_254' title='bbox 345 3799 477 3873; x_wconf 84' lang='lat' dir='ltr'>Merdis‚</span> <span class='ocrx_word' id='word_1_255' title='bbox 503 3821 556 3862; x_wconf 89' lang='lat' dir='ltr'>seu</span> <span class='ocrx_word' id='word_1_256' title='bbox 585 3798 724 3861; x_wconf 87' lang='lat' dir='ltr'>Smerdis</span> <span class='ocrx_word' id='word_1_257' title='bbox 753 3801 882 3886; x_wconf 88' lang='lat' dir='ltr'>Magus,</span> <span class='ocrx_word' id='word_1_258' title='bbox 909 3799 964 3884; x_wconf 90' lang='lat' dir='ltr'>qui</span> <span class='ocrx_word' id='word_1_259' title='bbox 991 3823 1010 3862; x_wconf 88' lang='lat' dir='ltr'>a</span> <span class='ocrx_word' id='word_1_260' title='bbox 1035 3815 1153 3886; x_wconf 89' lang='lat' dir='ltr'>septem</span> <span class='ocrx_word' id='word_1_261' title='bbox 1180 3800 1353 3886; x_wconf 89' lang='lat' dir='ltr'>conjuratis</span> 
     </span>
     <span class='ocr_line' id='line_1_35' title="bbox 245 3900 1351 3986; baseline -0.002 -19"><span class='ocrx_word' id='word_1_262' title='bbox 245 3903 364 3967; x_wconf 86' lang='lat' dir='ltr'>occisus</span> <span class='ocrx_word' id='word_1_263' title='bbox 385 3917 441 3975; x_wconf 89' lang='lat' dir='ltr'>est,</span> <span class='ocrx_word' id='word_1_264' title='bbox 465 3901 546 3963; x_wconf 87' lang='lat' dir='ltr'>inter</span> <span class='ocrx_word' id='word_1_265' title='bbox 571 3925 651 3986; x_wconf 86' lang='lat' dir='ltr'>quos</span> <span class='ocrx_word' id='word_1_266' title='bbox 672 3902 905 3986; x_wconf 80' lang='lat' dir='ltr'>Artaphernem</span> <span class='ocrx_word' id='word_1_267' title='bbox 929 3915 1067 3964; x_wconf 87' lang='lat' dir='ltr'>recenset</span> <span class='ocrx_word' id='word_1_268' title='bbox 1093 3900 1222 3965; x_wconf 82' lang='lat' dir='ltr'>Ctesias</span> <span class='ocrx_word' id='word_1_269' title='bbox 1268 3902 1351 3966; x_wconf 88' lang='lat' dir='ltr'>Haec</span> 
     </span>
     <span class='ocr_line' id='line_1_36' title="bbox 245 4001 884 4068; baseline -0.009 0"><span class='ocrx_word' id='word_1_270' title='bbox 245 4005 310 4068; x_wconf 83' lang='lat' dir='ltr'>fere</span> <span class='ocrx_word' id='word_1_271' title='bbox 324 4003 502 4066; x_wconf 85' lang='lat' dir='ltr'>observavit</span> <span class='ocrx_word' id='word_1_272' title='bbox 520 4001 685 4065; x_wconf 85' lang='lat' dir='ltr'>Stanlcius.</span> <span class='ocrx_word' id='word_1_273' title='bbox 710 4003 884 4066; x_wconf 87' lang='lat' dir='ltr'><strong>BLOMF.</strong></span> 
     </span>
    </p>

    <p class='ocr_par' dir='ltr' id='par_1_14' title="bbox 290 4103 1230 4187">
     <span class='ocr_line' id='line_1_37' title="bbox 290 4103 1230 4187; baseline -0.001 -18"><span class='ocrx_word' id='word_1_274' title='bbox 290 4109 361 4187; x_wconf 92' lang='lat'><strong>766.</strong></span> <span class='ocrx_word' id='word_1_275' title='bbox 377 4107 467 4186; x_wconf 82' lang='grc' dir='ltr'>ἔργον</span> <span class='ocrx_word' id='word_1_276' title='bbox 480 4103 603 4187; x_wconf 82' lang='grc' dir='ltr'>ἤνυσεν]</span> <span class='ocrx_word' id='word_1_277' title='bbox 618 4103 730 4183; x_wconf 85' lang='grc' dir='ltr'>ἤνυσεν</span> <span class='ocrx_word' id='word_1_278' title='bbox 745 4105 835 4185; x_wconf 77' lang='grc' dir='ltr'>ἔργον</span> <span class='ocrx_word' id='word_1_279' title='bbox 850 4105 887 4165; x_wconf 92' lang='lat' dir='ltr'><strong>C.</strong></span> <span class='ocrx_word' id='word_1_280' title='bbox 905 4103 1035 4165; x_wconf 74' lang='lat' dir='ltr'>narone.</span> <span class='ocrx_word' id='word_1_281' title='bbox 1051 4103 1129 4166; x_wconf 88' lang='lat' dir='ltr'><strong>Ald.</strong></span> <span class='ocrx_word' id='word_1_282' title='bbox 1147 4104 1230 4168; x_wconf 90' lang='lat' dir='ltr'><strong>Rob.</strong></span> 
     </span>
    </p>

    <p class='ocr_par' dir='ltr' id='par_1_15' title="bbox 242 4202 1350 4490">
     <span class='ocr_line' id='line_1_38' title="bbox 289 4202 1350 4291; baseline 0.002 -22"><span class='ocrx_word' id='word_1_283' title='bbox 289 4210 361 4289; x_wconf 89' lang='lat'><strong>767.</strong></span> <span class='ocrx_word' id='word_1_284' title='bbox 386 4205 507 4289; x_wconf 76' lang='grc' dir='ltr'>φρένες]</span> <span class='ocrx_word' id='word_1_285' title='bbox 530 4205 735 4291; x_wconf 87' lang='lat' dir='ltr'>Negligenter</span> <span class='ocrx_word' id='word_1_286' title='bbox 752 4205 817 4290; x_wconf 81' lang='lat' dir='ltr'>egit</span> <span class='ocrx_word' id='word_1_287' title='bbox 839 4202 1011 4281; x_wconf 84' lang='lat' dir='ltr'>scholiasta,</span> <span class='ocrx_word' id='word_1_288' title='bbox 1030 4204 1087 4291; x_wconf 93' lang='lat' dir='ltr'>qui</span> <span class='ocrx_word' id='word_1_289' title='bbox 1110 4205 1168 4269; x_wconf 91' lang='lat' dir='ltr'>hoc</span> <span class='ocrx_word' id='word_1_290' title='bbox 1190 4206 1230 4270; x_wconf 93' lang='lat' dir='ltr'>de</span> <span class='ocrx_word' id='word_1_291' title='bbox 1252 4210 1350 4272; x_wconf 88' lang='lat' dir='ltr'>Arta-</span> 
     </span>
     <span class='ocr_line' id='line_1_39' title="bbox 244 4303 1349 4392; baseline 0.005 -23"><span class='ocrx_word' id='word_1_292' title='bbox 244 4306 362 4392; x_wconf 86' lang='lat' dir='ltr'>phrcne</span> <span class='ocrx_word' id='word_1_293' title='bbox 377 4308 494 4370; x_wconf 85' lang='lat' dir='ltr'>dictum</span> <span class='ocrx_word' id='word_1_294' title='bbox 513 4319 613 4392; x_wconf 90' lang='lat' dir='ltr'>putat.</span> <span class='ocrx_word' id='word_1_295' title='bbox 650 4305 856 4387; x_wconf 80' lang='grc' dir='ltr'>Ἀρταφρένης</span> <span class='ocrx_word' id='word_1_296' title='bbox 877 4308 946 4387; x_wconf 82' lang='grc' dir='ltr'>γὰρ,</span> <span class='ocrx_word' id='word_1_297' title='bbox 961 4303 1078 4391; x_wconf 90' lang='lat' dir='ltr'>inquit,</span> <span class='ocrx_word' id='word_1_298' title='bbox 1099 4308 1130 4386; x_wconf 78' lang='grc' dir='ltr'>ἐξ</span> <span class='ocrx_word' id='word_1_299' title='bbox 1151 4310 1349 4390; x_wconf 77' lang='grc' dir='ltr'>ἐτυμολογίας</span> 
     </span>
     <span class='ocr_line' id='line_1_40' title="bbox 242 4408 1002 4490; baseline 0.001 -20"><span class='ocrx_word' id='word_1_300' title='bbox 242 4408 365 4489; x_wconf 76' lang='grc' dir='ltr'>λέγεται</span> <span class='ocrx_word' id='word_1_301' title='bbox 380 4411 397 4471; x_wconf 90' lang='grc' dir='ltr'><strong><em>ὁ</em></strong></span> <span class='ocrx_word' id='word_1_302' title='bbox 412 4412 464 4474; x_wconf 78' lang='grc' dir='ltr'>τὰς</span> <span class='ocrx_word' id='word_1_303' title='bbox 479 4408 592 4489; x_wconf 79' lang='grc' dir='ltr'>φρένας</span> <span class='ocrx_word' id='word_1_304' title='bbox 606 4409 685 4490; x_wconf 83' lang='grc' dir='ltr'>ἔχων</span> <span class='ocrx_word' id='word_1_305' title='bbox 700 4409 811 4488; x_wconf 84' lang='grc' dir='ltr'>ἀρτίας.</span> <span class='ocrx_word' id='word_1_306' title='bbox 836 4408 1002 4471; x_wconf 80' lang='lat' dir='ltr'><strong>STANL.</strong></span> 
     </span>
    </p>
   </div>
   <div class='ocr_carea' id='block_1_3' title="bbox 0 0 1494 5062">
    <p class='ocr_par' dir='ltr' id='par_1_16' title="bbox 0 0 1494 5062">
     <span class='ocr_line' id='line_1_41' title="bbox 0 0 1494 5062; baseline 0 1"><span class='ocrx_word' id='word_1_307' title='bbox 0 0 1494 5062; x_wconf 95' lang='lat' dir='ltr'> </span> 
     </span>
    </p>
   </div>
  </div>
 </body>
</html>
