2978 5062
188 337 254 404 264
547 332 926 398 ANNOTATIONES

232 503 368 589 δάσκιον]
383 502 522 568 δάσκειον
538 505 589 568 M.
606 502 717 568 Guelf.
734 502 841 589 Mosq.

233 624 307 694 317.
322 610 460 689 πορφυρᾷ
477 607 647 670 Porsouua.
669 604 824 689 πορφυρέη
838 602 918 668 libri.

233 710 306 796 318.
322 707 441 792 Μᾶγος]
457 710 581 773 Nomen
595 706 794 794 gentilitium.
812 706 963 793 Stephan.
982 704 1074 790 Bynr
1091 706 1207 787 Μαγίο.
1232 708 1295 770 εἰσὶ

191 812 240 877 καὶ
259 810 363 892 Μάγοι
386 811 471 877 ἔθνος
492 811 559 893 περὶ
579 811 708 890 Μηδίαν.
741 808 896 873 Herodot.
915 828 944 885 1,
963 827 1033 872 101.
1050 807 1162 871 ἔστιδὲ
1178 807 1294 887 Μήδων

190 913 300 979 τοσάδε
336 911 437 993 γένεο,
467 913 591 985 Βουσαὶ,
625 911 843 993 Παρητακηνοὶ,
880 910 1076 993 Στρούχατες,
1112 907 1292 990 Ἀρίζαντοι,

192 1019 319 1090 Βούδιοι,
336 1014 449 1096 Μάγοι.
473 1014 642 1078 STANL.
682 1013 785 1096 Μάγος
799 1011 876 1076 Ald.
900 1011 1008 1094 Μάγος
1022 1010 1109 1075 Rob.

230 1114 379 1199 Ἀραβος]
391 1114 544 1196 Ἀρροβος
558 1116 688 1179 Barooc.
704 1113 782 1179 Ald.
799 1114 882 1179 Rob.
900 1113 1032 1196 Ἀραθος
1048 1115 1086 1177 Β.

235 1217 394 1302 Ἀρτάμης]
415 1216 570 1299 Ἀρσάβης
592 1217 674 1282 Rob.
697 1218 783 1305 quod
806 1232 990 1304 corruptum
1012 1239 1052 1280 ex
1071 1214 1236 1298 Ἀρσάμης,
1256 1229 1294 1279 ut

191 1319 308 1407 legitur
320 1318 352 1383 in
370 1319 520 1383 Cantabr.
535 1320 647 1404 primo.
686 1324 835 1385 Artames
852 1317 1015 1384 Salaminia
1027 1318 1163 1398 μέτοικος
1178 1315 1295 1381 dieitur

192 1445 298 1488 amara
312 1421 418 1486 ironia.
458 1422 562 1486 Schol.
579 1424 642 1486 ἐκεῖ
655 1425 795 1488 ἀπελθὼν
809 1419 961 1509 κατῴκησε
983 1421 1037 1500 τὴν
1057 1426 1217 1501 Σαλαμῖνα
1239 1420 1294 1500 τὴν

194 1525 328 1604 σκληρὰν
343 1522 391 1586 καὶ
405 1524 546 1603 πετρώδη.
572 1524 748 1589 BLOMF.

236 1641 311 1710 320.
330 1620 495 1704 Ἄμηστρις
516 1622 706 1689 Brunclriua.
737 1622 895 1706 Ἀμιστρις
909 1623 1015 1711 vulgo.
1046 1622 1207 1704 Ἀμίστρης
1227 1621 1296 1687 duo

193 1723 284 1790 oodd.
307 1726 345 1787 V.
360 1723 401 1787 ad
417 1743 511 1790 mr.

236 1825 422 1911 πολύπονον]
445 1827 646 1892 ὶαάοτὶοοιις.
684 1827 794 1892 Minus
818 1842 901 1893 recte
924 1827 1092 1892 Elmeleius
1114 1825 1155 1890 ad
1179 1825 1294 1913 Eurip.

196 1928 355 1995 Heraclid.
377 1947 451 2016 932.
468 1933 676 2016 ponderosus.
716 1930 852 2018 Anglioe
875 1929 1012 2008 verteris,
1034 1931 1136 2017 doing
1156 1951 1178 1991 α
1196 1938 1296 2016 great

195 2033 267 2097 deal
279 2033 422 2117 osworlr.
451 2032 561 2119 Suppl.
577 2034 651 2118 378.
667 2033 787 2115 φύλακα
800 2036 979 2097 πολυπόνων
993 2038 1122 2114 βροτῶν.
1160 2029 1295 2095 Nullum

195 2133 348 2199 succurrit
359 2134 537 2220 exemplum
558 2133 613 2199 ubi
627 2133 800 2221 quidquam
824 2132 910 2197 aliud
925 2156 1019 2220 quam
1042 2135 1217 2198 Ιαδοτὶαςιις
1237 2156 1296 2220 per

194 2237 276 2302 hanc
292 2257 398 2301 vocem
414 2235 615 2323 significetur.
652 2235 798 2302 Similiter
812 2236 878 2301 fere
895 2234 1063 2322 Sophocles
1077 2235 1133 2320 Aj.
1149 2237 1223 2319 637.
1239 2261 1294 2299 πο-

195 2340 335 2404 λυπόνων
350 2336 493 2422 Ἀχαιῶν,
512 2339 710 2403 Achivorum
731 2339 852 2404 bellicos
872 2339 992 2403 Ζαδοτοο
1013 2347 1140 2402 strenue
1158 2339 1295 2402 rubean-

196 2443 287 2509 tium.
313 2443 489 2506 BLOMF.

239 2563 315 2630 321.
336 2541 542 2628 Ἀριόμαρδος]
561 2544 680 2607 Utrum
703 2556 808 2605 autem
832 2541 882 2606 hio
902 2540 1112 2605 Ariomardua
1135 2540 1218 2606 idern
1244 2542 1296 2620 sit,

196 2644 253 2731 qui
277 2666 374 2732 supra
397 2644 581 2707 Thebarum
605 2643 831 2730 AEgyptiarum
851 2643 918 2708 dux
938 2642 1167 2721 nominabatur,
1190 2667 1220 2707 v.
1240 2646 1295 2731 38.

196 2769 236 2812 an
251 2746 342 2822 alins,
357 2744 479 2810 deliniri
494 2745 612 2831 nequit.
637 2746 735 2809 SCH.

240 2867 314 2933 322.
339 2846 486 2926 Σεισάμης
501 2846 597 2909 AM.
613 2845 728 2932 aliique
744 2847 882 2910 nonnulli
898 2861 930 2910 et
946 2848 1109 2911 Canterus.
1148 2847 1296 2912 Aliorum

197 2948 383 3034 corruptelae
407 2961 484 3010 sunt
509 2947 651 3028 Σισόμης,
678 2947 851 3030 Σεισόρκης,
875 2946 961 3033 quod
984 2964 1031 3013 est
1055 2950 1087 3013 in
1111 2949 1187 3014 ΑΜ.
1212 2949 1297 3014 Rob.

198 3052 303 3115 Turn.
322 3050 441 3137 steph„
457 3050 617 3132 Σισάρκης,
633 3048 792 3132 Σισόρμης,
809 3050 985 3132 Σεισάρμης.
1024 3051 1063 3114 In
1088 3054 1130 3116 N.
1145 3068 1177 3116 et
1192 3052 1296 3117 Viteb.

199 3152 348 3234 Σησάμης.
387 3153 514 3235 Σησάμα
539 3174 652 3217 nomen
678 3152 759 3216 infra
785 3152 900 3239 legitur
925 3175 954 3215 v.
981 3154 1054 3238 983.
1078 3152 1137 3217 nisi
1162 3154 1299 3234 Σεισόμα

107 3326 116 3343 ·
200 3254 410 3320 scribendum.

241 3357 271 3442 ό]
288 3357 494 3423 Scribendum
511 3357 537 3422 θ’
553 3361 624 3422 dex
640 3359 765 3423 A.B.F.
782 3356 891 3421 Guelf.
1358 3417 1362 3423 .

242 3479 316 3546 323.
343 3459 491 3545 Θάρυβις]
508 3461 645 3541 Θόβνρις
659 3483 697 3523 ex
717 3459 809 3524 codd.
824 3459 925 3522 Paris.
942 3475 1092 3524 memorat
1108 3457 1299 3524 Brunclrius.

200 3560 318 3641 Θάρμις
332 3561 416 3627 Rob.
444 3562 484 3624 In
501 3561 635 3643 Θάμυρις
648 3576 830 3647 corruptum
845 3560 877 3623 in
892 3561 1091 3624 annotatione
1107 3561 1290 3625 scholiastae.

242 3680 318 3746 324.
340 3660 499 3745 Λυρναῖος]
524 3661 672 3747 Stephon.
691 3663 804 3748 Byz.a
823 3661 961 3725 Stanleio
982 3662 1146 3743 excitatus,
1161 3663 1297 3745 Λύρνησ-

200 3788 265 3841 σος,
281 3766 370 3829 πόλις
383 3762 510 3844 Τροϊκὴ,
525 3765 579 3841 μία
597 3768 656 3826 τῶν
677 3763 782 3827 ἕνδεκα
801 3767 859 3826 τῶν
875 3764 909 3827 ἐν
928 3763 1105 3849 τῇΤροόδι.
1127 3765 1161 3829 τὸ
1180 3763 1300 3828 ἑθνικδν

200 3864 398 3946 Λυρνήσσιος.
422 3864 576 3946 Αἰσχύλος
590 3866 622 3928 δὲ
639 3863 782 3945 Πέρσαις,
806 3865 845 3931 ὥς
859 3864 918 3927 ἀπὸ
939 3870 991 3928 τοῦ
1009 3867 1121 3948 Λύρνα,
1141 3871 1299 3948 Λυρναῖος.

199 3965 289 4030 Nihil
310 3965 362 4029 hic
383 3986 454 4029 cum
476 3965 645 4052 Lyrnesso.
683 3967 783 4030 Recte
798 3965 892 4030 schol.
909 3967 968 4031 ἀπὸ
983 3971 1099 4051 Λύρνης
1120 3972 1171 4048 τῆς
1192 3969 1298 4051 χόρος.

201 4067 375 4132 BLOMF.

243 4172 318 4254 326.
344 4169 516 4254 Συέννεσις]
541 4169 642 4255 Apud
673 4168 829 4234 Herodot.
857 4185 887 4253 7,
911 4172 964 4256 98.
991 4171 1072 4235 inter
1097 4196 1161 4251 eos,
1186 4172 1241 4258 qui
1266 4173 1301 4238 in

200 4269 295 4335 classe
316 4269 450 4357 proximi
465 4294 485 4335 a
498 4270 632 4336 ducibus
650 4274 883 4351 ὀνομαστότατοι
903 4273 1003 4351 fuere,
1019 4288 1196 4338 recensetur
1212 4278 1301 4355 Κίλιξ

201 4371 370 4447 Συέννεσις,
386 4373 608 4438 Oromedontis
628 4371 721 4439 filius.
766 4375 846 4437 Erat
861 4396 935 4439 vero
951 4374 1126 4462 Syennesia,
1142 4378 1175 4439 ni
1196 4375 1300 4454 fallor,

201 4495 313 4540 nornen
347 4495 512 4538 commune
549 4475 675 4561 regibus
706 4473 833 4553 Ciliciae,
865 4493 900 4540 ut
931 4476 1122 4542 Ptolemaeus
1150 4476 1302 4565 AEgypti.
