2978 5062
517 364 584 425 AD
608 364 969 428 PROMETHEUM.
1253 369 1295 433 49

236 530 426 613 ἐξελυσάμην
454 534 504 595 Μ.
528 532 643 617 aliique
673 533 813 598 nonnulli
839 557 911 598 cum
938 535 1022 598 Rob.
1047 534 1155 620 Steph.
1191 534 1296 620 Vulgo

192 633 377 714 ἐξερνσάμην
392 656 462 696 cum
480 634 557 697 Ald.
574 637 679 699 'l'nrn
711 634 805 713 Quod
822 635 1023 717 ἐξερρνσάμηυ
1038 635 1204 700 dicendum
1219 636 1295 699 fuis-

191 751 247 797 set.
293 736 357 797 Per
371 734 564 814 ἠλευθέρωσα
578 759 649 822 exp.
665 735 837 800 scholiasta.

238 854 311 936 236.
328 855 394 936 τοῦ]
411 855 445 917 τὸ
462 855 512 916 Μ.

236 1023 310 1091 237.
326 1005 389 1091 τοι]
404 968 467 1074 ritis
483 1010 534 1071 M.

236 1143 309 1203 240.
333 1127 416 1189 άλλδ
438 1127 565 1213 νηλεῶς]
588 1127 678 1192 Libri
700 1127 771 1193 ἀλλ’
791 1130 936 1207 ἀνηλεῶς.
981 1129 1190 1192 Scribendum
1213 1130 1295 1192 άλλδ

192 1232 316 1303 νηλεῶς.
363 1229 415 1290 Ita
441 1230 556 1293 Noster
583 1230 727 1318 Choeph.
753 1250 825 1310 240.
855 1233 915 1294 Καὶ
941 1235 991 1308 τῆς
1016 1233 1156 1310 τυθείσης
1183 1237 1296 1309 νηλεῶς

190 1332 373 1411 ὁμοσπόρου.
412 1331 512 1395 Simili
535 1332 611 1396 vitio
634 1332 776 1397 laborant
798 1333 870 1396 libri
894 1332 1013 1418 vulgati
1036 1332 1066 1395 in
1086 1335 1202 1418 Agant.
1224 1352 1295 1418 133.

191 1430 245 1494 uhi
267 1453 327 1518 pro
340 1435 418 1514 μοῖρ’
434 1433 582 1513 άλαπάξει
603 1434 730 1521 legerim
754 1441 843 1516 μοῖρα
864 1431 1000 1513 λαπάξει.
1047 1434 1110 1498 Sed
1132 1433 1235 1497 nescio
1252 1456 1294 1496 an

191 1555 249 1619 pro
264 1541 377 1614 νηλεῶς
391 1535 588 1599 scribendum
604 1537 719 1616 νηλέως
735 1550 867 1601 retracto
881 1551 1022 1600 accentu.
1055 1536 1171 1599 Ionicae
1185 1536 1295 1600 formos

190 1652 264 1700 sunt
280 1637 419 1715 ἐλεεινὸς,
440 1638 585 1718 ἐλεήμων,
610 1639 727 1717 νηλεης,
751 1638 869 1703 Attice
894 1637 1019 1714 ἑλειυδς,
1044 1638 1173 1718 ἐλήμιον,
1195 1638 1293 1718 νηλής.

191 1738 306 1802 Noster
321 1761 417 1825 supra
430 1758 485 1819 42.
501 1738 570 1803 Ἀεί
582 1766 618 1822 γε
633 1740 669 1818 δὴ
684 1741 776 1820 νηλὴς
791 1742 830 1805 σὺ
845 1742 893 1804 καὶ
905 1738 1034 1821 θράσους
1047 1739 1156 1807 πλέως.
1179 1739 1293 1823 Eurip.

190 1839 280 1925 Cyul.
295 1842 371 1925 368.
389 1841 495 1921 Νηλής
508 1843 525 1904 ὁ
540 1839 670 1921 τλάμων.
709 1842 810 1928 Apud
828 1842 925 1929 Soph.
942 1841 1021 1905 OEd.
1038 1842 1120 1928 Tyr.
1138 1845 1208 1904 180.
1225 1840 1294 1925 plu-

191 1940 257 2005 rale
277 1942 371 2023 νηλέα
392 1942 538 2030 dactylus
559 1959 616 2007 est.
654 1943 759 2030 Vulgo
772 1944 902 2030 quidem
923 1942 1039 2030 legitur
1058 1945 1143 2029 apud
1158 1942 1292 2006 eundem

191 2045 270 2109 Ant.
290 2062 381 2130 1197.
403 2048 516 2110 Hebion
539 2044 584 2110 ἐπ’
599 2047 700 2127 ἄκρον,
718 2045 778 2110 ἔνθ’
795 2048 891 2110 ἔκειτο
915 2047 1019 2125 νηλεὲς
1041 2042 1294 2125 Κυνοσπάρακτον

189 2151 278 2225 σῦμα
292 2149 493 2214 Πολυνείκους
508 2148 559 2211 ἔτι.
598 2147 661 2210 Sed
675 2147 816 2233 suspioor
831 2148 982 2234 tragicum
998 2146 1155 2231 scripsisse
1170 2146 1291 2223 νηλέιος.

192 2247 306 2310 ELM.
352 2250 425 2312 Non
441 2264 488 2312 est
504 2248 665 2335 probabile
680 2248 805 2313 Atticos
821 2250 934 2328 νηλέως
948 2246 1073 2311 dixisse.

236 2384 308 2446 241.
322 2369 361 2431 In
378 2367 498 2453 aliquot
511 2367 603 2431 oodd.
620 2390 742 2432 comma
757 2389 818 2430 non
839 2382 909 2452 post
925 2367 1130 2446 ἐρρύθμισμαι.
1146 2365 1199 2428 sed
1224 2381 1293 2450 post

193 2469 265 2546 Ζηνὶ
281 2469 425 2554 positum.

234 2603 305 2664 242.
323 2587 466 2651 Eustath.
482 2587 521 2650 ad
539 2588 602 2651 Od.
614 2593 653 2652 Ψ.
670 2611 700 2674 p.
716 2607 809 2670 1940,
819 2603 873 2671 57.
897 2584 1055 2650 Pindarus
1069 2585 1154 2670 apud
1172 2586 1290 2649 Athen.

195 2706 241 2771 13.
266 2710 298 2772 p.
314 2690 388 2752 601.
404 2687 466 2755 “Os
479 2690 519 2769 μὴ
536 2691 617 2775 πόθῳ
633 2693 812 2769 κυμαίνεται,
830 2692 861 2768 ἐξ
875 2689 1042 2767 ἀδάμαντος
1055 2688 1090 2767 ἠδ
1105 2685 1227 2769 σιδάρου
1243 2714 1290 2751 κε-

191 2788 353 2871 χάλκευται
366 2793 515 2870 μελαίναυ
530 2796 652 2872 καρδίαν
666 2793 770 2875 ψυχρη
785 2793 891 2873 φλογί.
937 2789 1093 2854 Stanleius
1114 2805 1290 2876 apte-oom-

192 2907 281 2976 parat
297 2889 461 2956 Heliodor.
480 2913 530 2973 14.
551 2896 605 2960 Τίς
624 2897 715 2960 οὕτως
730 2892 927 2974 ἀδαμάντινος
949 2891 967 2972 ἢ
991 2897 1127 2974 σιδηροῦς
1148 2893 1202 2971 τὴν
1221 2917 1290 2972 εαρ-

192 2994 269 3072 δίαν,
281 2994 321 3059 ὡς
334 2994 375 3073 μὴ
390 2992 553 3077 θέλγεσθαι
565 2998 613 3059 καὶ
625 2999 667 3063 εἰς
677 2997 814 3061 ἐνιαυτὸν
825 2998 939 3062 ἀκούων
950 3025 958 3071 ;
979 2996 1127 3060 Proxime
1138 2995 1291 3060 Moschus

190 3116 222 3175 4.
236 3114 291 3174 44.
313 3093 424 3175 πέτρας
445 3094 490 3178 ὅγ’
514 3097 579 3180 ἔχει
601 3099 673 3160 νόον
692 3099 727 3177 ἠδ
748 3097 870 3180 σιδάρου
893 3099 1045 3180 Καρτερδν
1065 3101 1099 3162 ἐν
1113 3095 1289 3162 στάθεσσιν.

191 3197 303 3283 Eurip.
321 3198 411 3262 Med.
427 3201 520 3281 1276.
533 3198 659 3274 τάλαιν’,
674 3202 715 3266 ὣς
729 3199 773 3282 ἄρ’
784 3201 866 3280 ἦσθα
880 3198 994 3282 πάτρος,
1010 3199 1028 3279 ἢ
1044 3204 1172 3280 σίδαρος.
1196 3197 1288 3262 Ovid.

192 3299 301 3362 Amor.
317 3320 350 3385 3,
365 3301 399 3378 6,
414 3322 466 3386 59.
486 3302 544 3366 Ille
557 3303 648 3367 habet
660 3313 691 3366 et
711 3304 814 3367 silices
836 3313 865 3367 et
883 3306 991 3367 vivum
1008 3312 1135 3390 pectore
1141 3303 1287 3385 sermm,

192 3400 255 3473 Qut
277 3409 384 3465 ιτηετο
404 3402 563 3489 mmmm
584 3405 686 3469 lentim
706 3406 741 3467 ι’τι
759 3425 812 3467 ore
832 3405 926 3467 videt.
959 3402 1108 3467 Tibullus
1134 3422 1162 3480 r,
1186 3421 1214 3478 1,
1237 3404 1289 3484 ⁶3·

192 3501 318 3575 rubro·
341 3524 405 3566 non
431 3513 488 3568 tua
511 3514 588 3570 aunt
612 3507 694 3570 duro
713 3507 898 3593 proecordia
912 3507 1007 3589 ferro
1034 3507 1153 3577 Vincta,
1175 3524 1231 3565 τινα
1253 3504 1289 3564 in

192 3612 296 3666 tenero
309 3613 374 3668 stat
388 3606 445 3669 tibi
460 3608 551 3671 corde
563 3609 651 3671 silea.
698 3607 941 3672 Adumbranrur
960 3629 1000 3671 ex
1022 3605 1191 3670 Homerico
1205 3604 1287 3682 σιδή-

191 3705 273 3783 ρειόν
288 3706 324 3768 νύ
337 3731 382 3769 τοι
396 3706 480 3788 ἦτορ,
501 3706 539 3771 ΙΙ.
552 3713 593 3782 Ω,
606 3726 678 3792 205.
695 3711 885 3791 σιδηρόφρων
898 3709 1031 3774 occurrit
1048 3711 1133 3796 Sept.
1146 3732 1173 3771 c.
1184 3706 1288 3770 Theb.

191 3821 244 3889 53.
268 3805 445 3871 BLOMF.

236 3925 308 3991 243.
325 3908 520 3999 ξυνασχαλᾷ]
538 3917 719 3996 συνασχαλᾷ
733 3913 814 3978 libri.

236 4027 308 4093 245.
332 4012 500 4100 ἠλγύνθην]
528 4016 681 4097 άλγθνθην
706 4015 757 4078 Μ.
781 4032 813 4079 et
837 4014 912 4078 Ald.
939 4012 1024 4076 Rob.
1049 4014 1150 4074 Turn.
1179 4012 1288 4098 Steph.

192 4107 374 4176 Correetum
391 4134 430 4178 ex
445 4115 537 4180 oodd.
553 4115 671 4180 multis.
695 4117 793 4181 Pauci
808 4117 951 4198 ἠλγηθην.
972 4113 1125 4195 ἠλγήνθην
1141 4113 1230 4200 Lips.
1249 4115 1289 4178 Ε.

236 4216 308 4292 246.
324 4215 455 4302 δλεινδς]
473 4220 605 4285 ἐλεεινός
624 4218 703 4283 libri.
750 4221 802 4282 Ex
826 4215 957 4282 Porsoni
972 4214 1187 4281 observatione
1208 4236 1290 4300 prte-

191 4312 251 4377 θαι.
262 4315 302 4378 ad
320 4316 434 4404 Eurip.
452 4319 577 4384 Hecub.
594 4343 625 4407 p.
638 4320 689 4383 vii.
705 4321 840 4385 correxit
857 4317 1069 4383 Blomheldus.

235 4418 371 4503 εἰσορᾶν]
390 4421 433 4484 εἷς
446 4421 520 4502 δρᾶν
535 4423 586 4484 Μ.

733 4547 753 4586 G
