2978 5062
558 364 627 426 AD
649 364 837 428 PERSAS.
1181 362 1243 425 251

147 527 303 609 ἐπιχώριος
317 527 452 609 Πέρσαις
469 527 524 592 τάν
543 531 586 596 είς
605 530 781 611 ὀφθαλμοὺς
802 530 932 593 ἐλθόντα
951 534 1004 592 τοῦ
1021 528 1185 608 βασιλέως,
1204 528 1245 609 μή

146 627 294 710 πρότερον
307 632 402 712 λόγου
415 630 668 714 μεταλαγχάνειν,
684 629 786 712 repleri
801 635 1005 712 προσκυνῆσαι
1019 631 1118 695 αὐτόν.
1149 629 1246 694 Euri·

147 729 237 816 pides
250 730 282 794 in
297 733 410 796 Oreste
427 750 522 817 1509.

234 840 400 916 Προσκυνῶ
416 834 456 908 α’,
472 836 558 914 ἄναξ,
575 839 693 916 νόμοισι
704 835 891 917 βαρβάροισι
904 835 1095 916 προσπεσόν.

148 937 185 1014 Q.
199 936 331 1000 Curtius
346 938 376 1012 8,
392 954 424 1021 5,
441 939 471 1001 6.
487 939 599 1024 leoque
614 959 699 1001 more
713 939 886 1001 Per-eornm
901 937 1095 1001 Macedonas
1114 957 1246 1000 venero·

146 1039 266 1102 landos
279 1040 385 1124 ipsum
399 1039 551 1117 solatore,
566 1049 801 1127 prosternentes
815 1040 903 1103 lrrmi
924 1060 1066 1123 corporo.
1107 1038 1247 1103 Valerius

148 1142 240 1204 Max.
265 1157 294 1224 7.
316 1161 348 1225 3.
371 1139 411 1204 de
434 1164 487 1205 sex
513 1141 628 1220 Persis,
654 1140 710 1228 qui
734 1164 867 1229 regnum
893 1140 1002 1219 Dario,
1026 1140 1100 1227 equi
1123 1140 1248 1206 hinnitu

146 1241 231 1318 victi,
246 1242 452 1307 addixerunt:
476 1245 654 1331 deditoque
670 1266 705 1308 eo
723 1265 780 1308 aea
799 1245 913 1332 reliqui
934 1264 1065 1308 enmmae
1081 1245 1249 1330 potestatis

146 1346 316 1424 candidati,
332 1348 480 1411 continno
496 1349 585 1434 ἀραία
606 1347 738 1434 delapsi,
754 1356 791 1411 nt
811 1355 858 1411 eat
879 1368 944 1411 roos
959 1348 1143 1424 Personam,
1158 1348 1248 1412 humi

142 1450 318 1532 prostratio
344 1449 525 1535 ιοφοτύόιιι
555 1449 697 1512 Dorium
726 1469 833 1537 regem
861 1450 1093 1513 ςαίυίαυιτιιτιι.
1138 1450 1249 1537 Hujus

148 1571 222 1613 vero
238 1549 313 1636 legis
329 1550 477 1614 rationem
497 1548 602 1614 reddit
619 1549 805 1614 Artabanus
825 1552 923 1614 Persa
936 1551 1022 1638 apud
1038 1551 1200 1616 Plutarch.
1215 1551 1249 1616 in

149 1652 371 1731 Themistocle,
394 1676 422 1718 c.
447 1669 498 1737 27.
528 1651 636 1732 Ἡμῖν,
662 1651 777 1738 inquit,
800 1659 925 1717 πολλῶν
950 1654 1050 1733 νόμον
1073 1655 1121 1718 καὶ
1148 1659 1249 1718 καλῶν

148 1758 243 1821 ὄντων
258 1756 420 1824 κάλλιστος
433 1757 520 1823 αὐτός
535 1758 601 1819 ἔστι
616 1756 664 1841 [τό
676 1755 722 1840 τε]
737 1758 825 1835 τιμάν
838 1753 984 1833 βασιλέα,
1001 1755 1048 1818 καί
1070 1762 1250 1836 προσκυνεῖν

148 1860 249 1922 είκόνα
278 1863 348 1922 θεοῦ
375 1862 428 1921 τοῦ
456 1857 517 1943 [τὰ]
547 1856 645 1921 πόντο
673 1858 828 1932 σώζοντος·
860 1855 926 1942 regi
955 1854 1097 1920 divinum
1126 1857 1249 1922 cultum

147 1958 381 2045 impendebant,
416 1974 566 2045 tanquam
606 1956 735 2043 imagini
778 1973 891 2020 cuncta
933 1957 1143 2022 conservantis
1186 1958 1247 2024 dei.

150 2060 319 2125 STANL.

195 2180 267 2246 157.
298 2160 450 2243 εὐνήτειρα
476 2163 526 2227 Μ.
557 2162 658 2226 Viteb.
698 2129 852 2241 εὐνήτειρα
882 2163 921 2224 Β.
960 2162 1115 2244 εὐνάτειρα
1143 2163 1248 2250 vulgo.

149 2263 242 2342 Quod
259 2263 478 2328 revocandum.
502 2264 653 2346 εὐνέτειρα
667 2287 718 2351 ap.
736 2264 846 2326 Treta.
864 2263 987 2327 Histor.
1006 2279 1036 2345 7,
1051 2266 1125 2349 361.

193 2369 240 2431 καὶ
253 2389 315 2430 om.
331 2365 397 2430 duo
411 2366 503 2430 codd.
518 2381 550 2432 et
563 2366 641 2432 Ald.
657 2365 740 2431 Rob.

195 2471 265 2554 158.
282 2469 410 2555 στρατῷ]
426 2476 554 2551 στρατοῦ
569 2469 654 2534 Rob.
668 2484 699 2534 et
715 2492 768 2533 sex
783 2467 915 2544 codices,
931 2490 993 2531 non
1010 2469 1060 2530 M.

195 2591 264 2656 159.
288 2573 563 2657 χρυσεοστόλμους]
589 2573 832 2655 χρυσεοστόλους
846 2571 989 2658 quinque
1009 2571 1102 2636 codd.
1118 2586 1150 2637 et
1165 2572 1249 2638 Rob.
1356 2645 1359 2653 ,

148 2676 414 2756 χρυσεοστόλβους
429 2672 508 2737 Ald.
530 2674 790 2756 χρυσεοστίλβους
806 2689 869 2738 tres
882 2672 976 2738 codd.
990 2688 1022 2737 et
1037 2674 1140 2736 Turn.

194 2778 263 2838 160.
281 2776 386 2861 κάμὸν]
404 2775 494 2840 Libri
509 2776 629 2862 aliquot
645 2777 747 2856 κάμοῦ.

155 2924 157 2929 ,
192 2877 375 2962 εὐνατήριον]
399 2877 593 2958 εὐναστήριον
608 2877 649 2941 G.
665 2890 696 2940 et
713 2875 823 2940 Guelf.
843 2899 916 2961 quae
939 2877 1040 2941 forma
1062 2876 1177 2963 legitur
1197 2899 1249 2964 ap.

149 2980 245 3065 Soph.
271 2981 390 3043 Trach.
414 2980 488 3063 918.
510 2980 563 3044 cui
588 2979 647 3066 ipsi
671 3003 799 3066 quoque
826 2979 999 3061 εὐνατήριον
1021 2978 1250 3043 restituendum

147 3081 290 3144 arbitror.
342 3082 392 3145 Sic
409 3082 595 3164 θοινατήριον
609 3081 695 3168 apud
711 3081 826 3168 Eurip.
843 3082 939 3146 Rhes.
954 3098 1031 3166 515,
1047 3105 1085 3144 ex
1102 3104 1167 3167 quo
1182 3080 1251 3144 loco

147 3200 310 3248 annotasse
326 3183 449 3247 videtur
465 3183 657 3268 Hesychius,
673 3181 704 3246 in
728 3181 814 3245 libris
828 3183 1016 3268 quibusdam
1039 3183 1070 3247 in
1094 3184 1250 3263 θοιναστή-

146 3315 212 3369 ριον
224 3303 419 3374 corruptum.
455 3284 710 3370 Relinquendum
727 3306 800 3347 vero
815 3284 1009 3365 εὐναοτήριον
1023 3285 1127 3347 versui
1142 3285 1250 3371 spurio

146 3392 179 3454 in
195 3391 311 3477 Eurip.
327 3393 430 3453 Orest.
445 3407 521 3471 590.

194 3496 265 3555 161.
280 3490 333 3576 με]
351 3489 442 3553 Libri
458 3488 577 3573 aliquot
591 3513 648 3567 μου
663 3485 712 3549 vel
726 3511 785 3566 μοι.
966 3546 969 3551 ,

195 3596 265 3657 162.
281 3590 467 3675 ἀδείμαντος]
482 3591 638 3670 ἀθείματος
652 3587 717 3652 duo
732 3587 823 3653 codd.
839 3604 870 3652 et
886 3590 991 3653 Turn.

195 3699 265 3780 163.
284 3697 405 3761 κονίσας
419 3695 517 3767 οὖδας,
532 3693 632 3756 solum
649 3692 783 3778 pulvere
799 3713 967 3779 spargens,
982 3691 1249 3778 quemadmodum

149 3797 353 3860 Homericum
370 3795 448 3859 iliud
465 3797 615 3861 κονίοντες
628 3796 741 3860 πεδίοιο
753 3795 829 3858 nihil
845 3795 930 3859 aliud
942 3810 988 3860 est
1002 3796 1247 3880 acfialinonlea.

150 3902 321 3987 Opnlenlr'o
338 3915 442 3963 autem
458 3902 624 3983 festinans
638 3898 753 3962 dicitur
767 3922 826 3985 pro
839 3897 979 3963 celeriter
993 3912 1158 3962 crescente.
1203 3898 1249 3961 Et

149 4019 183 4065 ut
206 4001 238 4079 ii,
257 4002 312 4087 qui
333 4025 458 4065 currere
479 4000 639 4077 festinant,
660 4001 750 4065 facile
770 4001 904 4088 pedibus
918 3998 1127 4076 columellam,
1147 4012 1204 4062 aut
1223 3997 1247 4063 si

147 4104 224 4188 quid
248 4118 390 4168 occurrat
411 4101 576 4190 ejusmodi,
601 4119 768 4189 proruunt,
789 4103 832 4166 sic
857 4102 1016 4188 opalentia
1039 4100 1153 4164 dicitur
1171 4098 1249 4165 cele-

147 4206 221 4269 riter
243 4205 418 4268 festinando
441 4205 619 4270 felicitatem
640 4227 795 4268 eversura.
821 4205 919 4268 SCH.
959 4205 1101 4268 κονίσσας
1117 4204 1166 4267 Μ.
1181 4202 1247 4268 alii-

148 4332 211 4393 que
226 4308 367 4372 nonnuili
382 4326 413 4373 et
431 4308 512 4372 Rob.

191 4410 339 4498 ἀντρέψῃ]
357 4410 446 4474 Libri
462 4409 583 4496 aliquot
596 4408 762 4490 ἀνατρέψῃ.

193 4516 263 4598 165.
285 4513 376 4577 ταύτό
389 4539 440 4594 μοι
455 4517 544 4592 διπλῆ
557 4510 672 4594 μίριμν’
688 4511 844 4593 ἀφραστός
858 4511 942 4574 έστιν
957 4512 990 4575 έν
1005 4509 1132 4595 φρεσίν]
1149 4512 1248 4575 Note·

672 4631 744 4680 112
