2978 5062
308 355 376 418 AD
399 356 590 421 SEPTEM
614 357 863 422 ADVERSUS
887 359 1087 423 THEBAS.
1179 361 1244 423 203

148 521 291 609 Choeph.
306 541 361 607 32.
379 524 451 605 278.
466 542 541 608 379.
556 527 652 589 Eum.
667 529 741 611 364.
766 527 914 614 Sophool.
930 529 1043 613 Antig.
1058 547 1115 610 127
1119 548 1149 612 5.
1173 529 1243 592 En-

146 622 206 710 rip.
232 624 458 708 Troad.1a77.
482 626 596 691 Bacch.
617 643 708 712 1105.
733 629 893 693 Heraolid.
918 647 990 713 271.
1015 628 1129 692 Helen.
1149 649 1243 715 1313.

148 725 188 789 In
209 725 351 814 Choeph.
369 729 441 813 839.
465 750 524 816 pro
545 730 691 812 ἀμφέρειν
709 729 875 816 legendum
898 747 946 795 est
968 730 1006 794 ἂν
1028 731 1143 812 φέρειν.
1190 730 1241 794 Cf.

148 829 323 893 Hermann.
338 829 378 893 de
393 831 467 894 Em.
484 831 542 896 Gr.
559 833 616 896 Gr.
633 856 664 918 p.
680 834 752 918 59.”
776 833 950 899 BLOMF.

188 948 361 1025 ὦκότοινος,
389 949 494 1013 Citam
515 972 641 1037 poenam
658 952 786 1035 ferent.
832 953 951 1016 Contra
972 952 1183 1032 ὑστερόποινον
1204 950 1245 1013 de

147 1071 239 1135 poena
255 1049 337 1136 pede
354 1049 467 1115 claudo
488 1051 603 1116 dicitur
618 1055 735 1139 Agant.
750 1053 803 1138 58.
826 1054 1039 1135 ὑστερόποινον
1054 1051 1172 1130 Πέμπει
1186 1077 1242 1115 πα·

145 1156 278 1233 ραβᾶσιν
291 1150 421 1234 Ἐρινύν.
440 1153 582 1241 Choeph.
598 1156 671 1239 380.
687 1156 901 1236 ὑστερόποινον
915 1155 998 1218 ὅταν.
1025 1153 1199 1217 BLOMF.

189 1285 261 1352 744.
280 1272 358 1334 Post
371 1271 455 1352 μένει
470 1289 606 1358 ponatur
620 1272 719 1335 nolon.

189 1388 262 1469 748.
284 1390 464 1474 θνήσκοντα]
486 1390 690 1455 Scribendum
714 1390 882 1454 θνόσκοντα
904 1413 975 1454 cum
999 1389 1159 1454 oodicibus
1177 1388 1242 1475 ple·

147 1523 251 1608 risque
265 1538 297 1587 et
313 1523 421 1612 Steph.
444 1488 613 1590 θνόσκοντα
629 1528 677 1589 Μ.

189 1646 206 1706 7
208 1642 262 1712 50.
277 1627 446 1711 όβουλίαις]
462 1629 593 1712 ἇβονλίᾳ
608 1629 658 1690 Μ.
674 1627 789 1713 aliique
803 1626 953 1692 nonnulli.

191 1745 263 1813 751.
278 1730 427 1812 ἐγείνατο]
446 1730 567 1810 γείνατο
584 1730 633 1793 Μ.
648 1729 764 1816 aliique
777 1742 809 1793 et
824 1728 909 1793 Rob.

189 1845 261 1915 752.
289 1832 454 1895 Οἰδιπόδαν
483 1830 727 1917 superscriptum
759 1831 789 1894 in
821 1833 860 1895 Β.
898 1832 1045 1895 Οἰδίποδα
1073 1831 1145 1895 edd.
1172 1848 1244 1897 ante

147 1932 351 1996 Bruncldum.

189 2051 261 2118 752.
278 2048 351 2120 753.
366 2034 396 2097 in
415 2056 511 2098 unum
529 2034 740 2120 conjungendi
755 2046 787 2097 et
801 2034 833 2096 in
848 2033 1044 2120 antistrophe
1060 2038 1132 2118 760.
1150 2037 1223 2117 761.

190 2155 263 2219 753.
290 2135 502 2215 Constructio,
528 2135 751 2222 interpretibus
773 2135 876 2199 minus
898 2151 1070 2222 perspecta,
1094 2136 1162 2201 hoeo
1188 2153 1242 2202 est.

146 2238 221 2300 ἔτλα
248 2236 374 2319 σπείρας
401 2238 484 2318 ῥίζαν
510 2240 713 2318 αἱματόεσσαν
742 2239 815 2319 πρὸς
844 2239 973 2318 ἄρουραν
1001 2238 1041 2317 μὴ
1070 2241 1176 2318 ἁγνὰν,
1207 2238 1243 2302 ἵν’

146 2337 268 2419 ἐτράφη.
293 2338 470 2402 BLOMF.

187 2440 228 2519 μὴ
242 2440 329 2523 πρὸς]
345 2440 455 2520 ματρὸς
471 2441 686 2520 1..Μ.μητρὸς
703 2441 805 2503 Turn.
824 2440 932 2527 steph.

190 2551 262 2633 756.
280 2549 366 2633 ἔτλα]
382 2538 454 2628 ἔτλῆ
469 2551 519 2611 Μ.

188 2651 316 2737 συνᾶγε]
333 2650 486 2733 συνόγαγε
501 2651 572 2715 libri
588 2650 688 2718 multi.

188 2777 259 2846 757.
275 2763 455 2846 φρενώλεις]
474 2748 630 2844 φρενιίλῆί
645 2763 696 2825 Μ.

188 2880 260 2949 759.
297 2865 415 2948 πίτνον]
450 2865 556 2929 πιτνὸν
584 2864 656 2928 edd.
687 2879 759 2929 ante
791 2864 999 2929 Brunclrium.
1042 2866 1150 2928 πίπτον
1178 2863 1244 2928 duo

187 3070 259 3148 760.
282 3069 438 3153 τρίχαλον]
463 3069 634 3154 Tn‘fidnm.
660 3069 831 3155 AEschylns
852 3070 983 3132 innuere
1003 3067 1128 3131 videtur
1149 3093 1242 3148 τρικν-

142 3171 222 3249 μίαν.
245 3169 421 3235 BLOMF.
444 3170 595 3252 τροχαλὸν
608 3168 728 3255 aliquot
745 3169 836 3234 codd.
881 3169 1005 3233 Eodem
1027 3184 1156 3233 accentu
1179 3170 1243 3233 l'or-

144 3286 223 3335 tasse
245 3271 276 3334 in
298 3271 367 3335 aliis
388 3273 533 3354 τριχαλόν
556 3273 705 3359 seriptum
732 3272 805 3350 fuit,
826 3269 1092 3357 quemadmodum
1118 3273 1243 3353 διχαλόι

142 3371 232 3437 scribi
247 3371 337 3450 solet,
352 3373 392 3437 de
406 3396 471 3460 quo
485 3373 549 3437 dixi
566 3374 597 3437 in
614 3373 780 3437 Thesauro
797 3371 956 3458 Stephani.

185 3476 257 3555 762.
280 3475 372 3558 ἀλκὰ]
395 3476 493 3539 ἀλκὰν
508 3476 613 3560 Mosq.
635 3472 800 3538 secundus.
825 3480 847 3511 “
864 3472 951 3549 ἀλκὴ,
967 3470 1115 3534 defensio.
1161 3471 1242 3536 Vide

142 3597 235 3660 supra
251 3597 280 3638 v.
295 3577 346 3656 76.
364 3577 449 3640 τείνοι
467 3592 572 3640 autem
593 3575 787 3639 intransitive
808 3573 946 3660 ponitur,
963 3587 998 3637 ut
1020 3594 1116 3659 supra
1137 3575 1240 3653 ἀείρει.

142 3677 241 3739 Recte
256 3677 451 3762 Burgemins,
471 3678 591 3742 Turris
605 3678 704 3743 solnm
719 3678 854 3742 latitudo
871 3678 960 3742 brevi
980 3676 1148 3740 intervallo
1165 3696 1241 3761 pro-

141 3778 233 3852 bibet,
262 3801 324 3866 qao
359 3782 466 3843 minna
500 3781 684 3845 οίννιιαπιιιν.
723 3777 953 3843 Wakefieldius
985 3777 1118 3842 advocat
1147 3779 1238 3842 Anat.

142 3880 255 3944 Phaen.
272 3900 345 3967 299.
369 3884 475 3963 ὀλίγον
497 3885 529 3946 δὲ
553 3886 601 3948 διὰ
622 3885 715 3962 ξόλον
732 3881 810 3946 'nto'
826 3883 928 3965 ἐρύκει.
975 3879 1071 3944 Adde
1093 3877 1185 3943 Iliad.
1201 3884 1239 3941 Ο.

142 3981 216 4047 628.
231 3981 271 4046 de
286 3981 400 4059 nautis,
416 3985 522 4047 τυτθὸν
536 3987 594 4065 γὰρ
606 3983 653 4048 ὑπ’
670 3987 703 4048 ἐκ
717 3983 856 4049 θανάτοιο
878 3982 1031 4064 φέρονται.
1078 3978 1241 4044 Videndus

142 4098 187 4146 est
203 4082 435 4147 Valckenaerius
450 4085 552 4148 Diatr.
567 4107 640 4171 pag.
654 4104 726 4170 239.
741 4086 781 4148 Β.
799 4085 853 4171 qui
870 4080 1063 4171 praetervidit
1077 4083 1099 4143 J
1103 4079 1240 4144 uvenalis

142 4181 220 4247 illud
249 4185 338 4248 Xll.
360 4203 415 4268 57.
443 4187 467 4247 I
486 4208 583 4263 nnnc,
610 4195 640 4249 et
664 4193 765 4249 venalia
785 4188 926 4248 animam
950 4185 1115 4258 committe,
1137 4184 1240 4247 dolato

143 4287 289 4370 Constant
310 4287 413 4372 ligno,
427 4286 542 4372 digitis
560 4308 582 4349 ο
603 4295 701 4349 morte
721 4295 857 4349 remotus
874 4288 1027 4359 Qtrntreor,
1042 4293 1100 4347 out
1113 4294 1237 4371 septem,

140 4387 169 4447 οἱ
184 4389 227 4450 rit
241 4387 398 4451 latissima
413 4388 526 4452 toedu.”
549 4387 723 4452 BLOMF.

650 4507 735 4553 cca
